2324 3742
352 158 465 235 Book
476 159 588 259 from
615 159 673 234 the
698 183 797 233 marr
976 166 1023 234 25

190 350 253 411 Tu.
281 347 394 424 fateor,
404 353 438 409 et
448 344 588 408 arbitror
599 367 716 431 paucos
726 343 802 407 illuc
811 343 856 406 ire
868 343 1024 406 sanctiore

125 450 302 537 proposito,

192 555 259 617 ΗΔ.
283 560 331 616 est
346 551 469 638 aliquid
484 552 621 615 insanire
636 575 708 614 cum
723 550 842 615 multis.

190 658 254 721 ΤΗ.
281 656 485 719 contionator
504 677 522 717 e
541 661 692 740 suggestu
712 643 936 739 Pronuntiavit
957 651 1024 716 bel-

125 759 192 823 lum
216 782 281 822 esse
302 760 432 823 iustum.
1038 784 1051 837 5

192 863 260 926 HA.
283 860 338 925 sed
357 863 382 925 si
403 863 524 925 iustum
544 867 593 924 est
616 860 765 947 principi,
785 882 850 922 non
872 860 1025 923 continuo

127 965 245 1027 iustum
269 970 318 1026 est
339 963 410 1027 tibi.

191 1069 256 1131 Tu.
283 1066 389 1130 audivi
405 1065 499 1130 licere
514 1089 571 1129 sua
586 1066 699 1153 cuique
714 1072 782 1129 arte
797 1066 907 1128 vivere.

193 1172 260 1235 ΗΔ.
284 1170 446 1257 praeclara
474 1193 524 1233 ars
553 1169 718 1233 incendere
743 1168 864 1249 domos,
889 1168 1026 1255 diripere

128 1274 259 1361 templa,
281 1275 417 1361 spoliare
440 1275 581 1353 miseros,
603 1272 744 1337 occidere
765 1272 921 1336 innoxios.
1041 1305 1071 1340 ro

192 1380 257 1442 Tu.
283 1377 361 1441 lanii
381 1378 603 1442 conducuntur
617 1377 658 1441 ad
674 1376 878 1441 mactandum
892 1375 1005 1440 bovem
1017 1402 1026 1451 ;

129 1504 185 1544 cur
198 1488 309 1545 nostra
322 1504 372 1544 ars
387 1479 640 1567 reprehenditur,
655 1477 743 1565 quod
762 1477 968 1542 conducimur
984 1476 1027 1541 ad

123 1583 314 1648 'mactandos
328 1584 496 1647 homines?
892 1589 895 1597 '

195 1688 262 1750 ΗΑ.
285 1709 350 1750 non
365 1709 432 1750 eras
443 1685 597 1749 sollicitus
608 1707 747 1771 quonam
759 1691 840 1749 esset
851 1684 1028 1768 migratura

129 1790 237 1852 anima
251 1796 319 1866 tua,
334 1788 360 1851 si
375 1787 560 1872 contigisset
573 1787 607 1850 in
622 1787 707 1850 bello
722 1785 855 1850 cadere?
1042 1813 1069 1865 15

195 1893 259 1955 Tu.
286 1913 351 1954 non
375 1889 558 1953 admodum.
604 1890 775 1975 praecipua
799 1911 869 1974 spes
898 1896 967 1953 erat
992 1889 1026 1952 in

130 1994 205 2059 divo
231 1993 472 2079 Christophoro,
495 1992 583 2054 cuius
605 1991 776 2076 imaginem
799 1990 933 2055 cottidie
954 2014 1027 2054 con-

130 2096 320 2184 templabar.

195 2201 264 2264 ΗΔ.
287 2200 321 2262 in
336 2199 506 2263 tentoriis?

195 2304 260 2366 Tu.
287 2301 423 2365 carbone
437 2303 640 2387 pinxeramus
660 2301 750 2363 illum
772 2301 804 2363 in
819 2300 897 2364 velo.
943 2300 1028 2364 unde
1040 2323 1072 2358 20

132 2413 169 2468 tu
185 2404 263 2468 mihi
275 2403 396 2482 obvius,
406 2403 461 2488 qui
477 2402 556 2465 mihi
570 2403 712 2464 animum
728 2424 745 2464 e
759 2424 867 2465 sereno
882 2402 1025 2466 nubilum

131 2507 298 2572 redderes?
601 2507 604 2513 ’

197 2612 265 2674 ΗΔ.
288 2609 365 2673 felix
399 2630 553 2671 occursus,
613 2605 699 2670 bona
732 2606 798 2668 avis
832 2613 881 2669 est
915 2605 1027 2670 obvius

131 2712 262 2788 amicus,
284 2712 340 2797 qui
362 2709 442 2772 bene
466 2716 603 2772 moneat.

198 2816 261 2876 Tu.
288 2814 392 2875 nescio
407 2835 448 2874 an
463 2812 568 2888 bona;
590 2820 674 2875 certe
689 2835 800 2899 parum
817 2814 928 2876 suavia.
1041 2839 1071 2890 25
