2324 3742
308 175 497 248 Emmaus
520 175 602 248 and
623 175 680 250 ln'e
698 176 845 274 gedeon
975 190 1023 256 49

192 361 235 423 A
258 381 322 422 non
337 357 417 421 soles
431 365 540 421 tamen
557 357 677 423 talibus
690 358 850 424 delectari.

193 463 230 525 Β.
258 460 314 524 sed
326 461 361 523 hi
375 460 505 523 senimli
520 459 597 524 boni
612 469 696 524 sunt.

59 637 64 640 ,
192 568 234 629 Α.
257 563 419 650 quomodo
432 563 515 627 scis?

192 668 229 730 B.
256 667 333 752 quia
352 689 411 752 per
432 689 484 728 eos
505 674 556 729 Ier
579 666 648 732 bibi
670 670 832 734 cervisiam
855 671 1022 757 insigniter

123 771 255 834 bonam.
1033 790 1049 844 ⁵

192 875 234 935 A
256 872 420 937 hahahae!
462 874 507 936 sic
520 875 583 938 tibi
597 874 674 939 boni
688 883 772 941 sunt.

516 1175 629 1250 XIII.
653 1249 655 1253 ,

300 1372 469 1432 Erasmus
505 1377 577 1434 and
611 1376 669 1434 his
704 1375 847 1468 gedeon,

322 1499 363 1542 or
383 1485 458 1544 'I'he
480 1488 535 1544 art
557 1486 596 1544 os
615 1487 827 1560 knowledge.

244 1649 466 1704 DESIDERIUS
486 1650 666 1704 ERASMUS.
709 1652 903 1706 ERASMIUS.

193 1786 256 1848 Dn.
278 1785 440 1870 quomodo
455 1784 626 1850 succedunt
640 1792 699 1850 tua
712 1786 829 1863 studia,
844 1787 991 1850 Erasini?

193 1887 252 1951 En.
277 1887 390 1965 Musis,
406 1894 443 1950 ut
457 1893 603 1972 apparet,
617 1909 729 1972 parum
748 1888 947 1964 faventibus3
969 1888 1023 1952 sed

125 1989 250 2054 felicius
278 1989 488 2067 succederent,
513 1991 540 2052 si
566 1991 645 2076 quid
673 1990 729 2054 abs
758 1999 791 2055 'oe
817 2014 939 2079 possem
964 1992 1022 2054 im·

126 2099 262 2181 petiere.
1039 2117 1068 2152 10

193 2197 256 2260 DE.
278 2194 360 2258 nihil
388 2218 453 2259 non
482 2196 679 2282 impetrabis,
705 2195 801 2259 modo
829 2198 872 2259 sit
898 2197 932 2260 in
958 2220 1021 2260 rem

126 2305 238 2372 tuam3
259 2297 311 2361 dic
324 2305 454 2361 tantum
472 2297 551 2382 quid
564 2299 610 2360 rei
625 2299 676 2362 sit.

192 2402 252 2464 En.
277 2422 342 2464 non
356 2399 472 2463 dubito
486 2401 564 2485 quin
582 2400 663 2463 nihil
683 2401 725 2463 sit
744 2401 862 2463 artium
883 2400 1023 2464 recondi-

126 2510 235 2568 tarum
250 2502 337 2589 quod
352 2510 385 2566 Ie
399 2503 512 2588 fugiat.

193 2608 257 2670 DE.
273 2607 396 2670 utinam
413 2630 486 2669 vera
500 2606 678 2692 praedices!
1040 2630 1067 2682 15

193 2711 252 2774 Eo.
275 2709 373 2773 audio
401 2717 502 2772 artem
535 2733 599 2773 esse
628 2709 787 2794 quandam
823 2709 1025 2793 cognitionis,

127 2832 210 2896 quae
224 2810 284 2873 hoc
295 2816 445 2896 praestet,
456 2817 495 2872 ut
504 2811 601 2873 homo
613 2811 745 2873 minimo
760 2811 890 2895 negotio
905 2810 1024 2873 ediscat

127 2935 236 2977 omnes
250 2912 432 2999 disciplinas
447 2912 600 2976 liberales,

192 3016 255 3079 Dn.
279 3013 357 3101 quid
371 3013 493 3078 audio?
514 3014 624 3078 vidisti
642 3014 806 3078 codicem?

194 3118 253 3184 En.
278 3117 355 3195 vidi,
384 3116 438 3180 sed
467 3116 533 3180 vidi
568 3124 707 3194 tantum,
737 3116 824 3202 quod
856 3138 920 3178 non
954 3123 1023 3178 erat
1036 3137 1067 3172 20

128 3217 268 3283 doctoris
288 3219 452 3283 auxilium.

192 3321 253 3385 ΒΕ.
276 3321 355 3407 quid
369 3320 561 3390 continebat
572 3322 681 3392 liber?

159 3461 260 3517 ,Η
988 3429 1013 3484 Δ*
