<?xml version="1.0" encoding="UTF-8"?>
<!DOCTYPE html PUBLIC "-//W3C//DTD XHTML 1.0 Transitional//EN"
    "http://www.w3.org/TR/xhtml1/DTD/xhtml1-transitional.dtd">
<html xmlns="http://www.w3.org/1999/xhtml" xml:lang="en" lang="en">
 <head>
  <title>
</title>
<meta http-equiv="Content-Type" content="text/html;charset=utf-8" />
  <meta name='ocr-system' content='tesseract 3.04.00' />
  <meta name='ocr-capabilities' content='ocr_page ocr_carea ocr_par ocr_line ocrx_word'/>
</head>
<body>
  <div class='ocr_page' id='page_1' title='image "./colloquialatina01erasgoog_0044.png"; bbox 0 0 2324 3742; ppageno 0'>
   <div class='ocr_carea' id='block_1_1' title="bbox 336 160 1025 246">
    <p class='ocr_par' dir='ltr' id='par_1_1' title="bbox 336 160 1025 246">
     <span class='ocr_line' id='line_1_1' title="bbox 336 160 1025 246; baseline 0.01 -13"><span class='ocrx_word' id='word_1_1' title='bbox 336 160 415 235; x_wconf 69' lang='lat' dir='ltr'>The</span> <span class='ocrx_word' id='word_1_2' title='bbox 442 161 667 236; x_wconf 73' lang='lat' dir='ltr'>worzderer’e</span> <span class='ocrx_word' id='word_1_3' title='bbox 690 172 827 238; x_wconf 77' lang='lat' dir='ltr'>return</span> <span class='ocrx_word' id='word_1_4' title='bbox 980 169 1025 246; x_wconf 83' lang='grc'>17</span> 
     </span>
    </p>
   </div>
   <div class='ocr_carea' id='block_1_2' title="bbox 194 341 1023 533">
    <p class='ocr_par' dir='ltr' id='par_1_2' title="bbox 194 341 1023 533">
     <span class='ocr_line' id='line_1_2' title="bbox 194 341 852 429; baseline 0.003 -23"><span class='ocrx_word' id='word_1_5' title='bbox 194 344 253 406; x_wconf 78' lang='lat' dir='ltr'>Cn.</span> <span class='ocrx_word' id='word_1_6' title='bbox 277 341 356 428; x_wconf 91' lang='lat' dir='ltr'>quid</span> <span class='ocrx_word' id='word_1_7' title='bbox 371 350 505 429; x_wconf 81' lang='lat' dir='ltr'>uterque</span> <span class='ocrx_word' id='word_1_8' title='bbox 518 348 654 429; x_wconf 86' lang='lat' dir='ltr'>parens?</span> <span class='ocrx_word' id='word_1_9' title='bbox 676 345 852 408; x_wconf 80' lang='lat' dir='ltr'>vivuntne?</span> 
     </span>
     <span class='ocr_line' id='line_1_3' title="bbox 194 446 1023 533; baseline 0.006 -25"><span class='ocrx_word' id='word_1_10' title='bbox 194 447 249 509; x_wconf 79' lang='lat' dir='ltr'>Pu.</span> <span class='ocrx_word' id='word_1_11' title='bbox 277 446 390 508; x_wconf 82' lang='lat' dir='ltr'>vivunt</span> <span class='ocrx_word' id='word_1_12' title='bbox 418 446 514 509; x_wconf 87' lang='lat' dir='ltr'>ambo</span> <span class='ocrx_word' id='word_1_13' title='bbox 543 454 576 510; x_wconf 80' lang='lat' dir='ltr'>et</span> <span class='ocrx_word' id='word_1_14' title='bbox 606 446 723 525; x_wconf 83' lang='lat' dir='ltr'>valent,</span> <span class='ocrx_word' id='word_1_15' title='bbox 753 450 898 533; x_wconf 90' lang='lat' dir='ltr'>quamvis</span> <span class='ocrx_word' id='word_1_16' title='bbox 927 451 1023 529; x_wconf 87' lang='lat' dir='ltr'>senio,</span> 
     </span>
    </p>
   </div>
   <div class='ocr_carea' id='block_1_3' title="bbox 127 546 958 718">
    <p class='ocr_par' dir='ltr' id='par_1_3' title="bbox 127 546 958 718">
     <span class='ocr_line' id='line_1_4' title="bbox 127 546 958 632; baseline 0.01 -23"><span class='ocrx_word' id='word_1_17' title='bbox 127 546 251 624; x_wconf 90' lang='lat' dir='ltr'>morbo,</span> <span class='ocrx_word' id='word_1_18' title='bbox 273 547 409 632; x_wconf 88' lang='lat' dir='ltr'>denique</span> <span class='ocrx_word' id='word_1_19' title='bbox 431 546 587 612; x_wconf 92' lang='lat' dir='ltr'>bellorum</span> <span class='ocrx_word' id='word_1_20' title='bbox 609 549 792 614; x_wconf 75' lang='lat' dir='ltr'>calamitate</span> <span class='ocrx_word' id='word_1_21' title='bbox 814 552 958 617; x_wconf 75' lang='lat' dir='ltr'>conlecti.</span> 
     </span>
     <span class='ocr_line' id='line_1_5' title="bbox 194 649 871 718; baseline 0.012 -9"><span class='ocrx_word' id='word_1_22' title='bbox 194 649 252 711; x_wconf 81' lang='lat' dir='ltr'>Cu.</span> <span class='ocrx_word' id='word_1_23' title='bbox 276 649 353 710; x_wconf 87' lang='lat' dir='ltr'>haec</span> <span class='ocrx_word' id='word_1_24' title='bbox 367 654 415 711; x_wconf 81' lang='lat' dir='ltr'>est</span> <span class='ocrx_word' id='word_1_25' title='bbox 429 649 587 714; x_wconf 84' lang='lat' dir='ltr'><strong>humanae</strong></span> <span class='ocrx_word' id='word_1_26' title='bbox 604 652 687 715; x_wconf 80' lang='lat' dir='ltr'>vitae</span> <span class='ocrx_word' id='word_1_27' title='bbox 702 651 871 718; x_wconf 80' lang='lat' dir='ltr'>comoedia.</span> 
     </span>
    </p>
   </div>
   <div class='ocr_carea' id='block_1_4' title="bbox 519 924 625 999">
    <p class='ocr_par' dir='ltr' id='par_1_4' title="bbox 519 924 625 999">
     <span class='ocr_line' id='line_1_6' title="bbox 519 924 625 999; baseline 0.009 -1"><span class='ocrx_word' id='word_1_28' title='bbox 519 924 625 999; x_wconf 92' lang='lat' dir='ltr'><strong>VIII.</strong></span> 
     </span>
    </p>
   </div>
   <div class='ocr_carea' id='block_1_5' title="bbox 345 1133 801 1193">
    <p class='ocr_par' dir='ltr' id='par_1_5' title="bbox 345 1133 801 1193">
     <span class='ocr_line' id='line_1_7' title="bbox 345 1133 801 1193; baseline 0.002 -1"><span class='ocrx_word' id='word_1_29' title='bbox 345 1134 419 1192; x_wconf 72' lang='lat' dir='ltr'>The</span> <span class='ocrx_word' id='word_1_30' title='bbox 439 1133 649 1192; x_wconf 82' lang='lat' dir='ltr'>wanderer’e</span> <span class='ocrx_word' id='word_1_31' title='bbox 670 1135 801 1193; x_wconf 78' lang='lat' dir='ltr'>return.</span> 
     </span>
    </p>
   </div>
   <div class='ocr_carea' id='block_1_6' title="bbox 359 1309 784 1366">
    <p class='ocr_par' dir='ltr' id='par_1_6' title="bbox 359 1309 784 1366">
     <span class='ocr_line' id='line_1_8' title="bbox 359 1309 784 1366; baseline 0 -2"><span class='ocrx_word' id='word_1_32' title='bbox 359 1311 601 1366; x_wconf 86' lang='lat' dir='ltr'><strong>PAMPHAGUS.</strong></span> <span class='ocrx_word' id='word_1_33' title='bbox 638 1309 784 1365; x_wconf 77' lang='lat' dir='ltr'><strong>COCLRS.</strong></span> 
     </span>
    </p>
   </div>
   <div class='ocr_carea' id='block_1_7' title="bbox 124 1462 1065 3394">
    <p class='ocr_par' dir='ltr' id='par_1_7' title="bbox 126 1462 1049 1632">
     <span class='ocr_line' id='line_1_9' title="bbox 190 1462 1049 1552; baseline -0.003 -23"><span class='ocrx_word' id='word_1_34' title='bbox 190 1467 248 1530; x_wconf 64' lang='lat' dir='ltr'>Pi.</span> <span class='ocrx_word' id='word_1_35' title='bbox 271 1473 329 1530; x_wconf 79' lang='lat' dir='ltr'>aul</span> <span class='ocrx_word' id='word_1_36' title='bbox 349 1488 461 1552; x_wconf 85' lang='lat' dir='ltr'>parum</span> <span class='ocrx_word' id='word_1_37' title='bbox 476 1466 676 1552; x_wconf 86' lang='lat' dir='ltr'>prospiciunt</span> <span class='ocrx_word' id='word_1_38' title='bbox 695 1463 778 1528; x_wconf 88' lang='lat' dir='ltr'>oculi</span> <span class='ocrx_word' id='word_1_39' title='bbox 793 1471 851 1527; x_wconf 82' lang='lat' dir='ltr'>aut</span> <span class='ocrx_word' id='word_1_40' title='bbox 866 1462 1020 1528; x_wconf 82' lang='lat' dir='ltr'>Coclitem</span> <span class='ocrx_word' id='word_1_41' title='bbox 1035 1496 1049 1550; x_wconf 84' lang='lat'>5</span> 
     </span>
     <span class='ocr_line' id='line_1_10' title="bbox 126 1566 702 1632; baseline 0.002 -2"><span class='ocrx_word' id='word_1_42' title='bbox 126 1575 262 1631; x_wconf 79' lang='lat' dir='ltr'>veterem</span> <span class='ocrx_word' id='word_1_43' title='bbox 284 1569 450 1632; x_wconf 84' lang='lat' dir='ltr'>convivam</span> <span class='ocrx_word' id='word_1_44' title='bbox 473 1590 578 1630; x_wconf 92' lang='lat' dir='ltr'>meum</span> <span class='ocrx_word' id='word_1_45' title='bbox 600 1566 702 1631; x_wconf 88' lang='lat' dir='ltr'>video.</span> 
     </span>
    </p>

    <p class='ocr_par' dir='ltr' id='par_1_8' title="bbox 124 1667 1065 2167">
     <span class='ocr_line' id='line_1_11' title="bbox 190 1667 1020 1744; baseline -0.002 -10"><span class='ocrx_word' id='word_1_46' title='bbox 190 1671 245 1734; x_wconf 92' lang='lat' dir='ltr'>Co.</span> <span class='ocrx_word' id='word_1_47' title='bbox 268 1672 367 1734; x_wconf 92' lang='lat' dir='ltr'>immo</span> <span class='ocrx_word' id='word_1_48' title='bbox 396 1669 477 1732; x_wconf 92' lang='lat' dir='ltr'>nihil</span> <span class='ocrx_word' id='word_1_49' title='bbox 506 1676 540 1733; x_wconf 83' lang='lat' dir='ltr'>te</span> <span class='ocrx_word' id='word_1_50' title='bbox 567 1668 687 1732; x_wconf 80' lang='lat' dir='ltr'>fallunt</span> <span class='ocrx_word' id='word_1_51' title='bbox 716 1667 799 1732; x_wconf 87' lang='lat' dir='ltr'>oculi</span> <span class='ocrx_word' id='word_1_52' title='bbox 828 1669 898 1744; x_wconf 81' lang='lat' dir='ltr'>tui3</span> <span class='ocrx_word' id='word_1_53' title='bbox 934 1668 1020 1732; x_wconf 87' lang='lat' dir='ltr'>vides</span> 
     </span>
     <span class='ocr_line' id='line_1_12' title="bbox 124 1770 1021 1858; baseline -0.001 -22"><span class='ocrx_word' id='word_1_54' title='bbox 124 1772 263 1836; x_wconf 83' lang='lat' dir='ltr'>sodalem</span> <span class='ocrx_word' id='word_1_55' title='bbox 278 1796 318 1837; x_wconf 84' lang='lat' dir='ltr'>ex</span> <span class='ocrx_word' id='word_1_56' title='bbox 331 1774 439 1835; x_wconf 84' lang='lat' dir='ltr'>animo</span> <span class='ocrx_word' id='word_1_57' title='bbox 454 1778 556 1843; x_wconf 73' lang='lat' dir='ltr'>tuum,</span> <span class='ocrx_word' id='word_1_58' title='bbox 601 1770 691 1833; x_wconf 81' lang='lat' dir='ltr'>nulla</span> <span class='ocrx_word' id='word_1_59' title='bbox 704 1773 852 1856; x_wconf 77' lang='lat' dir='ltr'>cuiquam</span> <span class='ocrx_word' id='word_1_60' title='bbox 867 1779 937 1835; x_wconf 84' lang='lat' dir='ltr'>erat</span> <span class='ocrx_word' id='word_1_61' title='bbox 951 1795 1021 1858; x_wconf 83' lang='lat' dir='ltr'>spes</span> 
     </span>
     <span class='ocr_line' id='line_1_13' title="bbox 125 1871 1021 1958; baseline -0.001 -20"><span class='ocrx_word' id='word_1_62' title='bbox 125 1874 245 1938; x_wconf 82' lang='lat' dir='ltr'>reditus</span> <span class='ocrx_word' id='word_1_63' title='bbox 259 1875 321 1951; x_wconf 81' lang='lat' dir='ltr'>tui,</span> <span class='ocrx_word' id='word_1_64' title='bbox 332 1874 388 1958; x_wconf 95' lang='lat' dir='ltr'>qui</span> <span class='ocrx_word' id='word_1_65' title='bbox 404 1880 456 1936; x_wconf 78' lang='lat' dir='ltr'>tot</span> <span class='ocrx_word' id='word_1_66' title='bbox 470 1895 569 1935; x_wconf 89' lang='lat' dir='ltr'>annos</span> <span class='ocrx_word' id='word_1_67' title='bbox 584 1871 734 1948; x_wconf 85' lang='lat' dir='ltr'>abfueris,</span> <span class='ocrx_word' id='word_1_68' title='bbox 744 1873 863 1956; x_wconf 83' lang='lat' dir='ltr'>ignaris</span> <span class='ocrx_word' id='word_1_69' title='bbox 874 1872 1021 1937; x_wconf 87' lang='lat' dir='ltr'>omnibus</span> 
     </span>
     <span class='ocr_line' id='line_1_14' title="bbox 124 1975 1065 2064; baseline 0.001 -24"><span class='ocrx_word' id='word_1_70' title='bbox 124 2001 206 2064; x_wconf 83' lang='lat' dir='ltr'>quae</span> <span class='ocrx_word' id='word_1_71' title='bbox 227 1986 261 2042; x_wconf 74' lang='lat' dir='ltr'>le</span> <span class='ocrx_word' id='word_1_72' title='bbox 282 1985 437 2040; x_wconf 80' lang='lat' dir='ltr'>terrarum</span> <span class='ocrx_word' id='word_1_73' title='bbox 459 1975 592 2039; x_wconf 82' lang='lat' dir='ltr'>haberet</span> <span class='ocrx_word' id='word_1_74' title='bbox 613 1976 710 2060; x_wconf 88' lang='lat' dir='ltr'>regio.</span> <span class='ocrx_word' id='word_1_75' title='bbox 754 1975 809 2038; x_wconf 83' lang='lat' dir='ltr'>sed</span> <span class='ocrx_word' id='word_1_76' title='bbox 829 1976 935 2042; x_wconf 85' lang='lat' dir='ltr'>unde?</span> <span class='ocrx_word' id='word_1_77' title='bbox 958 1978 1020 2057; x_wconf 82' lang='lat' dir='ltr'>die,</span> <span class='ocrx_word' id='word_1_78' title='bbox 1036 2005 1065 2042; x_wconf 85' lang='grc' dir='ltr'>ιο</span> 
     </span>
     <span class='ocr_line' id='line_1_15' title="bbox 125 2104 250 2167; baseline 0.016 -24"><span class='ocrx_word' id='word_1_79' title='bbox 125 2104 250 2167; x_wconf 80' lang='lat' dir='ltr'>quaeso.</span> 
     </span>
    </p>

    <p class='ocr_par' dir='ltr' id='par_1_9' title="bbox 189 2181 545 2269">
     <span class='ocr_line' id='line_1_16' title="bbox 189 2181 545 2269; baseline -0.014 -20"><span class='ocrx_word' id='word_1_80' title='bbox 189 2186 248 2249; x_wconf 69' lang='lat' dir='ltr'>Pr.</span> <span class='ocrx_word' id='word_1_81' title='bbox 270 2185 313 2248; x_wconf 81' lang='lat' dir='ltr'>ab</span> <span class='ocrx_word' id='word_1_82' title='bbox 328 2181 545 2269; x_wconf 81' lang='lat' dir='ltr'>antipodibus.</span> 
     </span>
    </p>

    <p class='ocr_par' dir='ltr' id='par_1_10' title="bbox 190 2284 896 2371">
     <span class='ocr_line' id='line_1_17' title="bbox 190 2284 896 2371; baseline 0 -20"><span class='ocrx_word' id='word_1_83' title='bbox 190 2289 244 2351; x_wconf 92' lang='lat' dir='ltr'>Co.</span> <span class='ocrx_word' id='word_1_84' title='bbox 268 2287 367 2350; x_wconf 93' lang='lat' dir='ltr'>immo</span> <span class='ocrx_word' id='word_1_85' title='bbox 382 2286 424 2349; x_wconf 89' lang='lat' dir='ltr'>ab</span> <span class='ocrx_word' id='word_1_86' title='bbox 439 2284 560 2362; x_wconf 90' lang='lat' dir='ltr'>insulis,</span> <span class='ocrx_word' id='word_1_87' title='bbox 576 2286 699 2371; x_wconf 89' lang='lat' dir='ltr'>opinor,</span> <span class='ocrx_word' id='word_1_88' title='bbox 714 2285 896 2351; x_wconf 78' lang='lat' dir='ltr'>fortunatis.</span> 
     </span>
    </p>

    <p class='ocr_par' dir='ltr' id='par_1_11' title="bbox 124 2385 1062 2679">
     <span class='ocr_line' id='line_1_18' title="bbox 188 2385 1020 2473; baseline 0 -21"><span class='ocrx_word' id='word_1_89' title='bbox 188 2390 247 2452; x_wconf 61' lang='lat' dir='ltr'>Pu</span> <span class='ocrx_word' id='word_1_90' title='bbox 271 2387 395 2473; x_wconf 83' lang='lat' dir='ltr'>gaudeo</span> <span class='ocrx_word' id='word_1_91' title='bbox 424 2385 512 2472; x_wconf 92' lang='lat' dir='ltr'>quod</span> <span class='ocrx_word' id='word_1_92' title='bbox 542 2388 703 2470; x_wconf 78' lang='lat' dir='ltr'>agnovisti</span> <span class='ocrx_word' id='word_1_93' title='bbox 736 2387 875 2450; x_wconf 81' lang='lat' dir='ltr'>sodalem</span> <span class='ocrx_word' id='word_1_94' title='bbox 906 2395 1020 2467; x_wconf 80' lang='lat' dir='ltr'>tuum3</span> 
     </span>
     <span class='ocr_line' id='line_1_19' title="bbox 124 2487 1062 2574; baseline 0 -20"><span class='ocrx_word' id='word_1_95' title='bbox 124 2513 197 2554; x_wconf 86' lang='lat' dir='ltr'>nam</span> <span class='ocrx_word' id='word_1_96' title='bbox 210 2489 340 2554; x_wconf 87' lang='lat' dir='ltr'>verebar</span> <span class='ocrx_word' id='word_1_97' title='bbox 352 2511 393 2551; x_wconf 91' lang='lat' dir='ltr'>ne</span> <span class='ocrx_word' id='word_1_98' title='bbox 403 2490 448 2551; x_wconf 90' lang='lat' dir='ltr'>sic</span> <span class='ocrx_word' id='word_1_99' title='bbox 458 2487 588 2551; x_wconf 91' lang='lat' dir='ltr'>domum</span> <span class='ocrx_word' id='word_1_100' title='bbox 603 2487 736 2551; x_wconf 88' lang='lat' dir='ltr'>redirem</span> <span class='ocrx_word' id='word_1_101' title='bbox 751 2488 1017 2574; x_wconf 86' lang='lat' dir='ltr'>quemadmodum</span> <span class='ocrx_word' id='word_1_102' title='bbox 1035 2517 1062 2569; x_wconf 83' lang='lat'>15</span> 
     </span>
     <span class='ocr_line' id='line_1_20' title="bbox 124 2593 372 2679; baseline -0.012 -22"><span class='ocrx_word' id='word_1_103' title='bbox 124 2593 220 2657; x_wconf 80' lang='lat' dir='ltr'>rediit</span> <span class='ocrx_word' id='word_1_104' title='bbox 235 2593 372 2679; x_wconf 72' lang='lat' dir='ltr'>Ulyssoe.</span> 
     </span>
    </p>

    <p class='ocr_par' dir='ltr' id='par_1_12' title="bbox 190 2692 721 2781">
     <span class='ocr_line' id='line_1_21' title="bbox 190 2692 721 2781; baseline -0.009 -20"><span class='ocrx_word' id='word_1_105' title='bbox 190 2699 245 2761; x_wconf 90' lang='lat' dir='ltr'>Co.</span> <span class='ocrx_word' id='word_1_106' title='bbox 268 2718 407 2781; x_wconf 87' lang='lat' dir='ltr'>quonam</span> <span class='ocrx_word' id='word_1_107' title='bbox 422 2701 517 2781; x_wconf 82' lang='lat' dir='ltr'>pac&#39;oo</span> <span class='ocrx_word' id='word_1_108' title='bbox 532 2692 629 2757; x_wconf 82' lang='lat' dir='ltr'>rediit</span> <span class='ocrx_word' id='word_1_109' title='bbox 643 2693 721 2756; x_wconf 88' lang='lat' dir='ltr'>ille?</span> 
     </span>
    </p>

    <p class='ocr_par' dir='ltr' id='par_1_13' title="bbox 125 2796 1019 2984">
     <span class='ocr_line' id='line_1_22' title="bbox 189 2796 1019 2883; baseline -0.002 -19"><span class='ocrx_word' id='word_1_110' title='bbox 189 2802 247 2864; x_wconf 63' lang='lat' dir='ltr'>Pu</span> <span class='ocrx_word' id='word_1_111' title='bbox 270 2821 311 2863; x_wconf 91' lang='lat' dir='ltr'>ne</span> <span class='ocrx_word' id='word_1_112' title='bbox 330 2799 372 2862; x_wconf 85' lang='lat' dir='ltr'>ab</span> <span class='ocrx_word' id='word_1_113' title='bbox 391 2820 490 2861; x_wconf 88' lang='lat' dir='ltr'>uxore</span> <span class='ocrx_word' id='word_1_114' title='bbox 509 2796 638 2883; x_wconf 89' lang='lat' dir='ltr'>quidem</span> <span class='ocrx_word' id='word_1_115' title='bbox 652 2797 790 2882; x_wconf 80' lang='lat' dir='ltr'>agnitus.</span> <span class='ocrx_word' id='word_1_116' title='bbox 836 2798 920 2860; x_wconf 82' lang='lat' dir='ltr'>solus</span> <span class='ocrx_word' id='word_1_117' title='bbox 933 2800 1019 2862; x_wconf 87' lang='lat' dir='ltr'>oanis</span> 
     </span>
     <span class='ocr_line' id='line_1_23' title="bbox 125 2900 803 2984; baseline -0.003 -18"><span class='ocrx_word' id='word_1_118' title='bbox 125 2903 250 2966; x_wconf 77' lang='lat' dir='ltr'>vetulus</span> <span class='ocrx_word' id='word_1_119' title='bbox 264 2908 354 2979; x_wconf 77' lang='lat' dir='ltr'>mota</span> <span class='ocrx_word' id='word_1_120' title='bbox 367 2900 469 2963; x_wconf 84' lang='lat' dir='ltr'>cauda</span> <span class='ocrx_word' id='word_1_121' title='bbox 482 2900 646 2964; x_wconf 91' lang='lat' dir='ltr'>dominum</span> <span class='ocrx_word' id='word_1_122' title='bbox 661 2900 803 2984; x_wconf 83' lang='lat' dir='ltr'>agnovit.</span> 
     </span>
    </p>

    <p class='ocr_par' dir='ltr' id='par_1_14' title="bbox 190 3001 1064 3088">
     <span class='ocr_line' id='line_1_24' title="bbox 190 3001 1064 3088; baseline -0.006 -21"><span class='ocrx_word' id='word_1_123' title='bbox 190 3005 245 3067; x_wconf 92' lang='lat' dir='ltr'>Co.</span> <span class='ocrx_word' id='word_1_124' title='bbox 269 3008 352 3088; x_wconf 81' lang='lat' dir='ltr'>quot</span> <span class='ocrx_word' id='word_1_125' title='bbox 365 3023 465 3064; x_wconf 84' lang='lat' dir='ltr'>annos</span> <span class='ocrx_word' id='word_1_126' title='bbox 478 3001 532 3064; x_wconf 93' lang='lat' dir='ltr'>ille</span> <span class='ocrx_word' id='word_1_127' title='bbox 546 3001 643 3064; x_wconf 91' lang='lat' dir='ltr'>domo</span> <span class='ocrx_word' id='word_1_128' title='bbox 657 3001 828 3065; x_wconf 82' lang='lat' dir='ltr'>abfuerat?</span> <span class='ocrx_word' id='word_1_129' title='bbox 1032 3026 1064 3062; x_wconf 87' lang='lat'>20</span> 
     </span>
    </p>

    <p class='ocr_par' dir='ltr' id='par_1_15' title="bbox 190 3105 397 3189">
     <span class='ocr_line' id='line_1_25' title="bbox 190 3105 397 3189; baseline -0.005 -20"><span class='ocrx_word' id='word_1_130' title='bbox 190 3107 248 3169; x_wconf 72' lang='grc' dir='ltr'>ΡΑ.</span> <span class='ocrx_word' id='word_1_131' title='bbox 272 3105 397 3189; x_wconf 83' lang='lat' dir='ltr'>viginti.</span> 
     </span>
    </p>

    <p class='ocr_par' dir='ltr' id='par_1_16' title="bbox 125 3203 1018 3394">
     <span class='ocr_line' id='line_1_26' title="bbox 189 3203 1018 3292; baseline -0.006 -20"><span class='ocrx_word' id='word_1_132' title='bbox 189 3210 244 3272; x_wconf 90' lang='lat' dir='ltr'>Co.</span> <span class='ocrx_word' id='word_1_133' title='bbox 271 3215 310 3270; x_wconf 85' lang='lat' dir='ltr'>tu</span> <span class='ocrx_word' id='word_1_134' title='bbox 330 3205 435 3292; x_wconf 88' lang='lat' dir='ltr'>plures</span> <span class='ocrx_word' id='word_1_135' title='bbox 454 3203 606 3277; x_wconf 75' lang='lat' dir='ltr'>abfuisti3</span> <span class='ocrx_word' id='word_1_136' title='bbox 628 3227 686 3266; x_wconf 90' lang='lat' dir='ltr'>nec</span> <span class='ocrx_word' id='word_1_137' title='bbox 704 3211 812 3267; x_wconf 83' lang='lat' dir='ltr'>tamen</span> <span class='ocrx_word' id='word_1_138' title='bbox 831 3206 946 3271; x_wconf 83' lang='lat' dir='ltr'>fefellit</span> <span class='ocrx_word' id='word_1_139' title='bbox 968 3228 1018 3269; x_wconf 89' lang='lat' dir='ltr'>mc</span> 
     </span>
     <span class='ocr_line' id='line_1_27' title="bbox 125 3305 974 3394; baseline -0.008 -21"><span class='ocrx_word' id='word_1_140' title='bbox 125 3316 184 3373; x_wconf 79' lang='lat' dir='ltr'>tua</span> <span class='ocrx_word' id='word_1_141' title='bbox 204 3309 306 3371; x_wconf 85' lang='lat' dir='ltr'>facies.</span> <span class='ocrx_word' id='word_1_142' title='bbox 351 3306 406 3370; x_wconf 82' lang='lat' dir='ltr'>sed</span> <span class='ocrx_word' id='word_1_143' title='bbox 428 3308 500 3394; x_wconf 86' lang='lat' dir='ltr'>quis</span> <span class='ocrx_word' id='word_1_144' title='bbox 521 3305 612 3372; x_wconf 71' lang='lat' dir='ltr'>istud</span> <span class='ocrx_word' id='word_1_145' title='bbox 632 3314 749 3372; x_wconf 56' lang='lat' dir='ltr'>nanee</span> <span class='ocrx_word' id='word_1_146' title='bbox 768 3306 812 3372; x_wconf 79' lang='lat' dir='ltr'>de</span> <span class='ocrx_word' id='word_1_147' title='bbox 825 3308 974 3392; x_wconf 57' lang='lat' dir='ltr'>lilqaael</span> 
     </span>
    </p>
   </div>
   <div class='ocr_carea' id='block_1_8' title="bbox 189 3428 992 3494">
    <p class='ocr_par' dir='ltr' id='par_1_17' title="bbox 189 3428 992 3494">
     <span class='ocr_line' id='line_1_28' title="bbox 189 3428 992 3494; baseline -0.017 0"><span class='ocrx_word' id='word_1_148' title='bbox 189 3451 259 3494; x_wconf 70' lang='lat' dir='ltr'>M.</span> <span class='ocrx_word' id='word_1_149' title='bbox 964 3428 992 3480; x_wconf 67' lang='lat' dir='ltr'>‘la</span> 
     </span>
    </p>
   </div>
   <div class='ocr_carea' id='block_1_9' title="bbox 0 0 1166 3742">
    <p class='ocr_par' dir='ltr' id='par_1_18' title="bbox 0 0 1166 3742">
     <span class='ocr_line' id='line_1_29' title="bbox 0 0 1166 3742; baseline 0 0"><span class='ocrx_word' id='word_1_150' title='bbox 0 0 1166 3742; x_wconf 95' lang='lat' dir='ltr'> </span> 
     </span>
    </p>
   </div>
  </div>
 </body>
</html>
