2324 3742
363 172 442 247 Tlae
468 181 532 246 art
556 170 607 271 <ff
621 168 839 268 krwwlcdge
1000 177 1045 242 51

147 356 345 446 processeris.
389 354 453 417 iam
468 354 502 416 in
518 360 551 417 te
565 352 651 417 bona
664 375 705 416 ex
719 359 811 438 parte
826 351 923 414 situm
939 355 996 428 est,
1012 355 1050 413 ut

147 481 302 544 magnam
315 457 415 522 taedii
429 464 555 543 partem
569 463 725 541 amputes.

216 563 278 625 ΕΒ
302 582 443 647 quonam
458 563 577 646 pacto?

218 665 282 729 Ds.
304 664 455 749 primurn,
464 669 501 726 ut
512 662 654 724 animum
669 660 799 724 inducas
810 684 916 725 amare
930 660 1052 738 studia;

150 766 280 845 deinde,
293 773 332 830 ut
345 789 384 830 ea
400 765 530 829 mireris
1066 783 1080 837 5

218 871 279 933 ΕΒ.
304 868 420 955 quibus
434 867 613 932 rationibus
627 867 689 930 hoc
703 867 782 931 fiet?

220 973 283 1037 Du.
306 971 520 1057 contemplare
539 993 636 1057 quam
657 969 775 1033 multos
794 970 942 1049 dicarint,
957 991 1053 1055 quam

153 1074 275 1141 multos
299 1075 342 1140 ad
366 1097 522 1138 summam
548 1073 739 1159 dignitatem
766 1075 1054 1158 auctoritatemque

153 1178 360 1267 provexerint
388 1177 536 1254 litterae;
571 1176 727 1261 simulque
756 1183 860 1240 tecum
893 1175 1055 1240 considera

154 1287 313 1366 quantum
328 1280 457 1344 intersit
470 1279 555 1343 inter
564 1279 725 1342 hominem
740 1285 775 1342 et
788 1279 949 1365 pecudem.
1071 1311 1101 1346 ιο

222 1384 283 1447 ΕΒ
307 1382 407 1470 probe
421 1405 538 1446 mones.

223 1489 286 1551 Du.
309 1485 424 1551 deinde
434 1487 662 1550 mansuefacias
676 1488 840 1572 ingenium
854 1494 947 1551 tuum
963 1510 1056 1573 opor-

156 1596 220 1669 tet,
234 1595 272 1652 ut
285 1588 387 1675 possit
405 1610 509 1652 secum
532 1590 700 1652 consistere
719 1597 817 1675 atque
831 1590 881 1652 his
895 1589 1056 1669 delectari,

156 1716 242 1779 quae
254 1693 432 1757 utilitatem
447 1692 597 1756 adferunt
612 1693 721 1778 potius
736 1716 832 1778 quam
847 1693 1054 1779 voluptatem.

157 1820 235 1862 nam
249 1820 331 1884 quae
349 1821 453 1884 perse
471 1805 548 1862 sunt
566 1799 710 1877 honesta,
725 1798 863 1861 etiamsi
879 1798 973 1862 initio
993 1822 1057 1862 non
1073 1819 1101 1872 15

158 1903 242 1968 nihil
265 1903 388 1968 habent
412 1902 585 1981 molestiae,
607 1910 715 1966 tamen
738 1902 965 1966 cousuetudine
987 1902 1057 1966 dul-

158 2014 297 2072 cescunt.
341 2008 390 2071 ita
403 2007 460 2072 fiet
473 2014 512 2070 ut
526 2015 561 2071 et
575 2007 679 2070 minus
693 2007 808 2092 fatiges
822 2015 1056 2093 praeceptorem

159 2121 195 2177 et
216 2114 283 2200 ipse
302 2112 426 2175 facilius
440 2112 607 2198 percipias,
621 2111 713 2174 iuxta
728 2111 849 2175 dictum
865 2112 1058 2175 Isocrateum

159 2216 264 2281 aureis
282 2215 399 2279 litteris
418 2215 452 2278 in
472 2214 577 2278 fronte
597 2214 712 2278 codicis
726 2215 777 2278 tui
791 2214 998 2300 pingendum,
1014 2213 1058 2276 ‘si

160 2343 195 2385 es
202 2321 418 2407 philocmtlwa
433 2316 493 2383 eris
501 2319 716 2405 polymatdca'
1074 2336 1105 2371 20

228 2423 287 2486 En.
312 2422 389 2485 satis
407 2421 499 2485 adest
518 2420 688 2485 celeritatis
708 2422 742 2484 in
762 2421 984 2508 percipiend03
1006 2419 1060 2483 sed

161 2548 240 2590 mox
253 2525 355 2589 effluit
368 2525 455 2612 quod
469 2533 655 2612 perceptum
669 2533 726 2590 est.

229 2632 292 2694 Du.
318 2630 427 2716 itaque
441 2637 605 2716 pertusum
621 2630 699 2692 mihi
715 2652 823 2692 narras
837 2628 968 2693 dolium.

230 2733 290 2796 ΕΒ.
312 2732 400 2796 haud
414 2732 552 2796 multum
566 2756 658 2797 erras
704 2733 758 2796 sed
773 2733 851 2818 quid
866 2733 1018 2797 remedii?

231 2837 293 2900 Du.
316 2836 473 2921 explenda
487 2843 536 2900 est
550 2838 640 2913 rima,
656 2859 695 2899 ne
710 2835 855 2922 perfluat.
1075 2859 1106 2911 25

232 2938 291 3001 ΕΒ.
316 2937 431 3024 quibus
445 2938 561 3002 rebus?

232 3040 294 3103 Du.
317 3062 383 3103 non
416 3063 528 3126 gypso,
562 3040 617 3104 sed
651 3041 828 3126 diligentia.
888 3043 944 3128 qui
973 3065 1063 3106 voces

165 3141 279 3206 ediscit
297 3165 362 3205 non
379 3142 543 3207 intellecta
562 3145 729 3222 sententia,
750 3167 825 3207 mox
847 3145 1063 3222 obliviscitum

165 3265 241 3307 nam
266 3244 373 3322 verba,
397 3252 436 3309 ut
461 3246 568 3331 inquit
592 3249 764 3325 Homerus,
784 3246 908 3310 ‘alata'
931 3254 1014 3308 sunt
1033 3255 1073 3306 et

161 3344 404 3434 fameavolant,
417 3348 479 3417 nisi
495 3353 740 3418 sententiarum
752 3346 1105 3440 ponderelxbran‘cus.
1116 3357 1155 3402 se

961 3463 1054 3525 ΒΔ).
