2324 3742
114 193 161 260 34
314 184 393 259 Tlae
417 181 523 260 dmve
547 194 585 259 to
609 186 799 285 Antwevp

113 366 205 431 nibus
234 369 337 432 cincta
365 370 416 433 sit.
471 392 537 433 non
561 377 693 456 repetes,
719 371 845 456 opinor,
870 377 1005 461 posthoc

113 471 307 554 Neptunum.

177 572 240 633 An.
263 593 337 650 non,
370 572 430 635 nisi
467 574 546 637 mihi
582 575 669 637 Deus
704 572 860 639 ademerit
896 600 1005 642 sanam

114 678 260 736 mentem.

87 805 101 860 ς
177 776 241 836 An.
265 782 299 838 et
319 797 378 860 ego
400 776 508 840 malim
530 777 639 841 audire
659 753 739 840 tales
759 776 886 842 fabulas
908 803 1004 866 quam

114 896 257 962 expenn.

514 1174 605 1248 XII.

217 1361 291 1422 une
314 1362 411 1424 drive
431 1366 469 1423 to
492 1364 666 1438 Autwerp‚
689 1378 730 1421 or
750 1363 841 1423 How
860 1365 899 1424 to

411 1483 572 1542 preserve
593 1466 713 1542 youth.

130 1622 313 1680 EUSEBIUS.
345 1627 541 1684 PAMPmUs.
569 1626 801 1683 POLYGAMUS.
831 1627 1004 1683 GLYCION.

462 1771 522 1834 Old
542 1769 666 1832 monice.

182 1924 242 1987 Eu.
266 1946 344 2008 quas
377 1947 475 1988 novas
508 1947 580 1988 aves
607 1923 660 1986 hic
688 1945 747 2007 ego
776 1921 893 1985 video?
946 1923 1006 1986 nisi

118 2044 168 2086 me
196 2024 282 2089 fallit
310 2027 434 2090 animus
462 2035 520 2091 aut
549 2049 660 2114 parum
690 2026 888 2113 prospiciunt
913 2025 1006 2104 oculi,

118 2124 209 2190 video
248 2134 313 2191 tres
352 2135 471 2192 veteres
510 2128 631 2192 sodales
674 2149 760 2190 meos
801 2126 1007 2206 considentes,

76 2226 312 2315 10Pampirum,
341 2229 562 2316 Polygamum,
591 2230 787 2316 Glycionem.
835 2235 919 2293 certe
947 2229 1007 2315 ipsi

117 2339 201 2398 sunt.

182 2437 241 2502 Pu.
266 2436 343 2523 quid
377 2434 439 2499 tibi
468 2437 515 2500 vis
549 2460 619 2501 cum
653 2437 719 2500 tuis
748 2436 855 2498 vitreis
888 2435 1008 2499 oculis?

117 2537 306 2623 congredere
320 2538 460 2624 propius,
475 2536 602 2601 Eusebi.

182 2641 238 2706 Po.
265 2640 359 2717 solve,
373 2638 510 2702 multum
525 2644 677 2724 exoptato
691 2637 819 2702 Eusebi.

76 2758 104 2811 Ῐ5
183 2743 242 2808 Gn.
265 2742 346 2805 bene
360 2741 403 2805 sit
416 2741 489 2820 tibi,
504 2743 553 2805 vir
567 2741 696 2826 optime.

183 2845 243 2910 Eu.
267 2842 385 2908 salvete
404 2866 458 2906 vos
478 2865 595 2920 omnes,
615 2841 735 2927 pariter
754 2843 832 2904 mihi
853 2842 1008 2904 carissimu

118 2948 234 3034 capita.
283 2948 353 3033 quis
382 2969 469 3008 casus
497 2968 555 3009 nos
584 2945 772 3008 coniunxit?
815 2968 889 3008 nam
917 2967 1009 3008 nemo

118 3059 262 3115 nostrum
272 3049 354 3113 vidit
365 3049 461 3111 alium
472 3049 574 3124 aunis,
583 3048 706 3133 opinor,
715 3048 777 3110 iam
787 3047 1009 3132 quadraginta.

118 3153 295 3217 Mercurius
310 3149 444 3215 caduceo
459 3170 515 3211 suo
531 3171 594 3211 non
610 3149 766 3233 potuisset
781 3148 891 3211 melius
906 3170 962 3210 nos
976 3149 1010 3211 in

64 3273 102 3309 20
114 3277 216 3319 unum
232 3254 427 3320 contrahere.
472 3249 550 3336 quid
564 3249 617 3313 hic
631 3250 751 3333 agitis?

160 3360 224 3424 Pu.
252 3358 412 3425 sedemus.
