2324 3742
434 195 752 272 &mmmm

175 349 738 448 mmmffimmmmm

234 466 349 526 sortuuet
365 463 520 524 legationem
537 462 687 513 Mercurius.
723 463 747 524 6,
766 465 791 513 8.

176 611 208 675 (c)
238 625 271 660 ne
287 612 389 660 abieris.
422 613 446 672 3,
464 612 504 659 22.

239 707 272 742 ne
287 700 393 754 uagetur
409 693 519 742 enimus.
552 693 635 754 0,19.

192 819 246 867 The
264 817 366 868 dussive
383 817 550 880 subjunctive
569 818 592 868 is
610 819 757 868 sometimes
774 818 837 868 used
853 819 883 867 oi
899 820 988 867 events
1004 833 1039 867 no

141 901 232 961 longer
247 899 368 962 possible,
385 898 429 949 the
445 903 520 949 tense
535 899 612 962 being
628 901 762 963 imperfect
779 916 808 948 or
824 900 974 962 pluperfect.

238 1010 341 1060 utinum
358 1012 454 1060 adesset
469 1010 578 1060 Aeneas.
611 1013 636 1073 8,
655 1011 695 1061 10.

240 1107 310 1142 mare
326 1091 432 1142 decimis
443 1093 536 1155 suisset
552 1095 711 1145 contentum.
748 1095 788 1153 33,
805 1094 845 1144 21.

192 1228 275 1278 When
286 1227 349 1277 used
360 1227 389 1276 in
404 1227 547 1288 questions,
560 1225 604 1274 the
619 1225 722 1274 Jussive
738 1223 905 1286 subjunctive
919 1223 944 1274 is
958 1239 1038 1274 some·

142 1309 221 1357 times
230 1306 313 1356 called
324 1306 529 1357 ‘Deliberetivd’

239 1435 363 1472 verumne
373 1423 480 1485 fatear?
514 1421 554 1484 45,
573 1424 597 1474 9.

142 1570 178 1635 (2)
212 1575 343 1622 Potenttui
353 1575 529 1634 subjunctive,
543 1572 605 1622 used
616 1573 643 1622 of
657 1575 746 1622 events
757 1570 841 1620 which
851 1572 930 1632 might
943 1572 1040 1632 huppen

304 1668 334 1702 or
351 1655 432 1714 might
452 1656 513 1702 haue
534 1654 669 1716 happened,
689 1653 838 1704 sometimes
858 1652 941 1701 celled
959 1651 1039 1704 ‘Sub-

303 1734 419 1798 junotive
434 1736 461 1784 oi
477 1734 664 1796 imaginatione

241 1851 318 1900 nolim
333 1848 401 1898 mihi
415 1863 469 1898 rem
485 1862 540 1898 esse
557 1863 616 1897 cum
631 1847 745 1897 medicis.
780 1849 803 1904 7,
820 1847 861 1896 22.

241 1946 295 1980 non
311 1932 421 1980 dubitem
437 1944 494 1980 esse
510 1945 624 1993 sponsor.
660 1929 685 1991 6,
703 1930 744 1978 28.

241 2013 284 2063 vix
300 2012 366 2062 duos
381 2015 500 2075 reperias.
534 2012 575 2072 20,
593 2013 633 2060 21.

241 2101 352 2155 optarem
368 2095 450 2140 artem
466 2105 521 2141 esse
537 2106 632 2140 verum.
666 2091 705 2153 50,
724 2092 765 2141 15.

240 2174 317 2236 plura
332 2186 411 2235 quum
426 2172 522 2222 uellem.
557 2174 596 2234 13,
615 2174 655 2222 25.

240 2254 343 2302 uidisses
359 2251 481 2306 miserem
497 2266 584 2301 rerum
599 2251 700 2301 taciem.
733 2254 773 2314 29,
792 2252 817 2302 4.

194 2377 248 2427 'ihc
271 2374 438 2438 subjunctive
457 2375 486 2425 ol
505 2375 665 2426 conditional
687 2378 826 2425 statement
847 2375 952 2438 belongs
971 2375 1040 2427 here.

144 2463 233 2525 [Some
252 2458 330 2507 think
351 2457 409 2506 thet
430 2457 460 2505 in
482 2456 526 2507 the
547 2458 677 2518 exemplos
698 2457 753 2518 just
775 2456 870 2518 quoted
891 2455 964 2505 there
982 2456 1006 2505 is
1024 2471 1041 2506 s

145 2540 297 2604 suppressed
313 2537 462 2589 condition:
487 2552 535 2599 eg.
552 2539 657 2588 vidisses
677 2536 761 2598 might
778 2551 856 2586 mean
874 2540 940 2600 ‘you
956 2537 1041 2587 would

144 2623 210 2672 have
226 2636 294 2694 seen,
313 2623 403 2685 ifuou
419 2620 470 2668 tad
487 2621 545 2669 been
561 2619 657 2682 there']

46 2762 108 2809 f
241 2748 425 2801 non‘recueeug
445 2734 468 2783 si
485 2736 515 2783 tu
527 2735 672 2797 praecedas.
707 2737 790 2798 8,17.

241 2810 385 2879 deponerem
400 2829 528 2888 pavorem,
547 2814 570 2864 si
586 2829 639 2863 non
657 2817 753 2864 adesset
770 2816 920 2878 periculum.
952 2818 977 2879 2,
996 2819 1036 2869 21.

239 2900 394 2960 placuissent
410 2895 509 2954 omnies,
526 2895 549 2946 si
565 2897 677 2946 licuisset
693 2897 827 2958 negotiari.
860 2899 901 2957 46,
918 2899 959 2948 15.

90 3047 180 3129 ..r-13)
214 3051 364 3099 concessive
381 3049 563 3107 subjunctive:

53 3125 155 3184 ‘'S-«¹

232 3163 311 3222 jnihil
327 3177 380 3211 non
396 3162 556 3224 impetrabis,
573 3160 649 3210 modo
665 3165 700 3212 sit
716 3161 744 3211 in
760 3177 815 3212 rem
831 3165 912 3212 tuem.
946 3163 1039 3220 49,11.

186 3234 232 3260 ‘''‘
241 3258 296 3292 non
307 3246 457 3322 cessantem
479 3240 485 3252 '
524 3242 675 3314 uantumvis
687 3249 779 3291 cessent
789 3242 918 3292 homines.
946 3243 986 3300 36,
1000 3245 1039 3292 16.

242 3309 399 3403 istmge'nte'
412 3322 469 3372 nihi
500 3322 650 3387 humanius,
671 3322 790 3386 quemvis
808 3323 870 3373 teris
888 3323 1038 3373 nationibus

305 3405 581 3466 smmum

889 3500 983 3556 'l—‘t
