2324 3742
253 173 578 273 Autobiograplry
603 173 654 273 of
669 173 876 270 Pompiros
968 183 1014 248 43

180 360 240 423 Pi.
266 358 400 422 collecto
414 358 542 436 viatioO,
557 358 670 421 furtim
685 380 735 421 me
749 357 887 422 subduxi
904 359 1015 444 procul

113 487 135 528 a
148 462 265 550 patria

181 567 241 630 Ga
264 587 329 651 quo
343 564 497 629 tandem?
670 633 675 641 ,

180 670 239 732 Pa.
266 668 300 730 in
315 667 527 742 Hiberniam
549 667 614 730 illic
629 667 732 731 factus
747 689 816 730 sum
832 667 1012 731 monachus.

180 773 239 836 Gr„
263 771 350 858 apud
365 771 527 834 Hibernos
542 770 642 856 igitur
656 770 856 834 hibernasti?
1026 785 1041 840 s

180 875 238 938 Pa.
265 897 350 950 non3
371 871 426 936 sod
445 872 524 936 duos
547 894 666 934 menses
686 871 773 958 apud
794 871 853 935 hos
872 879 1013 937 versatus

112 977 262 1062 navigavi
276 976 311 1040 in
326 975 476 1040 Scotiam.

179 1080 239 1144 Gr.
262 1076 342 1165 quid
356 1084 391 1142 te
405 1075 539 1140 offendit
553 1075 641 1162 apud
655 1075 752 1139 flios?

178 1182 236 1245 Pa
264 1179 346 1243 1111111
379 1179 440 1242 nisi
477 1177 564 1265 quod
598 1177 784 1240 institutum
818 1177 899 1242 illud
933 1179 1012 1242 mihi

113 1283 284 1350 videbatur
304 1282 414 1347 mitius
436 1304 533 1368 quam
558 1303 617 1367 pro
639 1280 760 1344 meritis
781 1280 848 1344 eius
869 1282 926 1367 qui
947 1305 1012 1346 non
1028 1312 1057 1348 ιο

113 1410 179 1451 uuo
193 1384 362 1473 suspendio
376 1385 492 1470 dignm
506 1392 595 1448 esset.

179 1487 238 1550 Eo.
263 1484 342 1572 quid
356 1484 390 1548 in
405 1483 514 1547 Scotia
527 1483 629 1546 fecisti
643 1487 657 1547 Ρ

179 1592 237 1654 Pa.
264 1587 331 1652 illic
344 1587 447 1650 factus
462 1609 531 1649 sum
547 1586 783 1651 carthusianus.

179 1695 238 1759 Gr..
261 1699 343 1780 quot
357 1714 476 1755 menses
491 1690 578 1776 apud
592 1690 664 1754 illos
679 1691 772 1776 egisti
787 1693 920 1757 Scotos?

178 1799 235 1860 Pa.
264 1793 493 1882 propemodum
511 1816 574 1857 sex.
1025 1821 1054 1872 15

178 1903 238 1966 Gn
261 1924 282 1963 o
296 1899 529 1964 constantiam!

178 2005 238 2069 En.
261 2002 339 2089 quid
354 2002 421 2065 illic
435 2000 592 2065 offendit?

178 2109 236 2171 Pa.
260 2107 337 2193 quia
356 2105 434 2169 mihi
450 2105 517 2167 visa
536 2111 584 2168 est
598 2105 667 2168 vita
686 2106 789 2190 segnis
808 2129 846 2169 ac
862 2105 1008 2172 delicata.

113 2210 227 2275 deinde
256 2209 374 2273 multos
399 2207 466 2270 illic
494 2207 619 2293 repperi
649 2230 714 2271 non
743 2207 914 2288 admodum
942 2209 1009 2272 sani

114 2314 241 2392 cerebri,
256 2312 298 2378 ob
318 2311 532 2390 solitudinem,
548 2318 586 2373 ut
605 2311 765 2375 arbitron
798 2312 875 2374 mihi
897 2335 1008 2397 parum
1022 2347 1055 2382 20

113 2426 181 2483 erat
196 2417 314 2482 cerebri
327 2443 337 2492 ;
358 2415 489 2480 verebar
502 2438 542 2479 ne
556 2423 664 2479 totum
679 2414 806 2500 periret.

177 2525 232 2586 Po.
263 2544 328 2607 quo
343 2518 457 2583 deinde
472 2518 650 2582 devolasti?

88 2703 91 2709 1
176 2627 235 2690 ΡΑ.
262 2625 296 2687 in
318 2624 467 2688 Galliam.
513 2621 579 2684 illic
597 2621 721 2705 repperi
744 2619 899 2706 quosdam
922 2628 1010 2686 totos

112 2727 264 2816 pullatos
288 2748 327 2788 ex
352 2723 504 2788 instituto
530 2721 595 2784 divi
621 2721 796 2797 Benedicti,
824 2724 880 2811 qui
906 2723 1010 2789 colore

113 2831 206 2895 vestis
231 2834 393 2893 testantur
422 2849 454 2890 se
479 2826 585 2911 lugere
611 2826 644 2888 in
669 2825 730 2888 hac
754 2826 831 2891 vita.
877 2828 929 2892 hic
958 2829 1008 2914 egi
1024 2853 1053 2908 25

112 2953 234 2996 menses,
249 2929 405 2992 undecim.

175 3035 236 3098 Eu.
260 3031 339 3117 quid
356 3030 487 3094 obstitit
505 3030 675 3115 quominus
694 3029 760 3093 illic
780 3053 920 3095 maneres
939 3055 1009 3119 per-

111 3140 235 3226 petuo?

175 3240 235 3303 PA·
258 3239 336 3324 quia
374 3236 446 3322 plus
486 3234 552 3298 illic
587 3234 712 3321 repperi
749 3235 1010 3300 caerimoniarum

110 3367 204 3431 quam
240 3365 330 3406 verae
363 3341 510 3431 pietatis.
554 3348 730 3433 praeterea
760 3337 938 3403 audieram
970 3356 1043 3394 esse
1051 3353 1089 3398 Ψ
