2324 3742
393 174 472 251 Tre
498 175 765 274 diener-party
977 188 1020 254 21

195 363 255 425 En.
285 360 446 446 quomodo
462 361 529 424 sic?

195 465 255 528 Cn.
285 465 362 548 quia
379 463 505 527 famulis
523 464 595 550 plus
617 463 758 527 dandum
776 485 872 550 quam
894 462 1024 527 daretur

131 567 163 630 in
186 566 317 629 macello
338 566 497 630 vendenti.

195 672 254 734 Ea.
285 693 367 756 qnae
381 693 429 734 res
444 671 531 756 cogit
545 673 606 734 hoc
620 673 744 735 facere?

196 777 255 839 Cn.
286 782 439 860 tyrannus
454 776 597 839 omnium
612 776 865 839 violentissimus.
1037 792 1052 845 s

195 880 254 941 En„
286 878 356 964 quis
371 879 453 941 iste?

196 982 255 1045 Cn.
287 1003 363 1045 mos.

195 1085 255 1147 Ea.
286 1085 429 1170 profecto
443 1091 599 1172 tyrannus
613 1085 674 1149 iste
691 1085 873 1170 frequenter
892 1084 1024 1170 iniquis-

131 1188 224 1251 simas
238 1187 322 1273 leges
337 1187 427 1251 dedit
442 1188 640 1252 mortalibus.

196 1296 256 1358 Cn.
287 1293 394 1356 Midas
409 1316 466 1357 suo
477 1316 564 1357 more
577 1293 663 1356 hunc
678 1316 803 1356 cervum
819 1301 951 1357 venatus
966 1301 1022 1358 est.
1040 1319 1069 1354 10

131 1398 209 1484 quid
224 1406 261 1462 tu
263 1419 340 1483 ,qm
331 1397 453 1460 soleas
469 1398 560 1460 istius
575 1396 674 1460 studii
689 1419 753 1459 esse
768 1395 1025 1459 amantissimus?

195 1503 258 1564 An.
289 1499 446 1585 equidem,
472 1500 532 1563 hoc
556 1497 665 1593 studio
694 1497 788 1584 plane
817 1497 970 1575 relicto,
961 1520 1024 1561 lam

131 1610 257 1689 praeter
277 1602 401 1666 litteras
423 1601 505 1665 nihil
526 1594 632 1665 venor.

196 1708 254 1770 Cn.
286 1713 322 1769 at
351 1705 429 1768 mihi
459 1703 609 1768 videntur
636 1703 764 1768 litterae
793 1704 905 1790 quovis
934 1727 1025 1768 cervo

130 1808 313 1893 fugaciorea
1041 1828 1068 1880 Ῑ5

194 1913 257 1974 An.
288 1909 412 1974 duobus
435 1918 543 1974 tamen
567 1909 767 1996 potissimum
791 1909 921 1973 canibus
944 1933 1025 1974 asse·

130 2013 268 2098 quimur‚
297 2011 509 2076 admiratione
543 2013 662 2076 scilicet
691 2020 788 2099 atque
817 2013 1025 2100 improbitate

130 2115 255 2180 laboris.
314 2138 389 2179 nam
424 2123 458 2180 et
491 2114 641 2179 admirari
676 2116 849 2202 plurimum
884 2116 1024 2180 discendi

130 2218 274 2284 ardorem
295 2221 469 2297 ministrat,
482 2228 526 2298 et,
541 2227 581 2284 ut
594 2221 750 2371 Vergilius
768 2221 904 2306 scripsit,
920 2221 1025 2285 ‘labor

131 2323 238 2386 omnia
259 2323 360 2385 vincit
381 2302 630 2408 improbus'w'
706 2285 751 2348 “l
1037 2355 1069 2390 20

195 2426 253 2493 Cn.
285 2432 431 2489 amanter
459 2425 620 2503 admones,
642 2427 836 2510 Augustine,
858 2433 897 2489 ut
925 2426 1022 2491 soles:

131 2535 300 2615 propterea
331 2550 396 2591 non
430 2527 592 2606 desistam,
624 2550 688 2590 non
722 2531 891 2614 quiescam,
924 2528 1024 2593 donec

130 2651 310 2716 consequar.

439 2864 469 2928 A
494 2863 592 2951 longit
610 2885 713 2950 goare.

194 3035 253 3098 Cn.
284 3034 387 3119 quid?
408 3040 441 3097 te
456 3033 617 3097 anserinae
632 3057 738 3098 carnes
753 3033 937 3101 delectant?

192 3140 255 3202 An.
287 3161 337 3201 me
360 3137 488 3223 quidem
517 3160 582 3202 non
608 3138 808 3203 mediocriter
836 3141 958 3218 iuvant,
983 3148 1022 3206 ut
1035 3165 1064 3217 25

128 3261 197 3303 sum
212 3241 341 3304 minime
356 3239 547 3304 fastidiosus.
591 3247 628 3303 at
646 3242 699 3306 hic
718 3265 823 3321 anser,
833 3245 941 3306 nescio
958 3268 1028 3325 qno

118 3349 227 3428 pacto,
253 3343 336 3408 nihil
364 3368 418 3410 me
447 3345 564 3424 iuvat3
584 3346 674 3414 nim
703 3347 796 3412 enim
819 3346 865 3408 ‘m
883 3343 965 3404 sita
983 3339 1064 3397 ὣ
