2324 3742
313 154 351 228 Α
387 153 528 228 Cretan
553 153 631 251 Italo
663 153 702 224 V
698 178 749 224 an
783 149 927 226 Wrnlcle
1022 160 1067 224 15

172 341 198 403 si
219 339 309 425 loqui
331 337 460 414 liceret3
482 360 676 423 quamquam
699 337 776 400 satis
797 335 975 422 loquuntur
999 335 1068 421 ipsa

173 447 280 510 macie.

237 551 290 612 Sr.
323 571 398 611 curo
413 547 531 612 sedulo.

238 657 301 717 ΒΑ.
325 675 381 716 cur
395 653 496 736 igitur
510 658 547 714 tu
563 651 713 737 pinguior
727 650 840 736 equis?

239 758 290 824 Sr.
323 755 399 841 quia
414 778 478 817 non
493 777 605 840 pascor
619 755 721 818 faena.
1081 761 1096 816 5

238 861 301 922 RA.
331 858 392 920 hoc
412 858 513 942 igitur
526 864 645 928 restat:
667 855 788 919 adorna
803 855 972 918 manticam
989 855 1067 919 cele-

174 965 260 1026 riter.

239 1066 291 1128 Su.
315 1064 379 1127 fiet.

579 1317 667 1390 VII.

320 1588 325 1615 ,ι
351 1520 382 1579 Α
406 1520 535 1579 Cretan
557 1520 625 1593 Rip
648 1519 726 1578 Van
748 1519 896 1579 Winkle.

403 1697 660 1753 CHRISTIANUS.
698 1696 847 1751 PETRUS.

241 1856 301 1919 CH.
325 1855 422 1918 audio
436 1861 470 1918 te
484 1854 622 1940 patriam
638 1876 741 1939 nuper
755 1853 903 1917 revisisse.

241 1959 296 2020 Pa.
329 1959 373 2020 sic
381 1964 429 2020 est
438 1958 568 2021 factum.
607 1980 680 2020 nam
690 1956 811 2020 diutius
821 1957 884 2020 iam
895 1955 1069 2021 abfueram.
1085 1978 1116 2016 ro

177 2061 348 2147 torquebat
363 2084 413 2124 me
427 2061 599 2124 amicorum
613 2059 811 2123 desiderium.

241 2164 301 2225 Cu.
324 2163 377 2249 pie
399 2162 521 2236 fecisti;
545 2162 703 2224 humanus
725 2184 756 2224 es
778 2162 834 2247 qui
856 2162 919 2225 ista
941 2163 1069 2247 cogites.

177 2264 321 2329 ducimur
349 2266 433 2328 enim
460 2288 567 2329 omnes
593 2263 773 2329 admirabili
800 2265 939 2352 quodam
964 2288 1072 2331 amore

176 2367 242 2430 eius
263 2368 412 2452 regionis,
432 2389 514 2452 quae
534 2373 592 2430 nos
613 2365 695 2430 aluit
717 2373 815 2452 atque
836 2367 947 2432 edidit.

285 2502 376 2555 nescio
394 2519 449 2572 qua
466 2499 558 2554 natale
576 2499 664 2554 nolum
684 2498 831 2554 dulcedine
849 2509 963 2556 cunctos
1086 2519 1116 2574 15

315 2588 401 2655 ducit,
422 2595 450 2642 et
469 2590 641 2642 immemores
659 2606 715 2642 non
734 2589 800 2641 sinit
817 2605 877 2642 esse
894 2590 945 2642 sui.

176 2707 237 2781 dic,
252 2731 378 2794 quaeso,
394 2731 533 2793 quonam
548 2708 581 2770 in
596 2707 666 2771 loco
682 2707 747 2770 illic
762 2708 922 2773 offendisti
941 2711 1071 2774 omnia?

240 2812 297 2874 Pu.
329 2811 410 2874 nihil
432 2833 497 2874 non
518 2833 656 2888 novum;
679 2818 806 2875 mutata
823 2813 938 2876 omnia.
984 2812 1070 2877 vide·
1095 2829 1097 2832 ⁴

176 2911 235 2976 bar
254 2913 333 2976 mihi
353 2914 386 2976 in
408 2911 506 2975 alium
527 2913 633 2977 venire
654 2913 818 2977 mundum.
864 2913 993 2977 vixdum
1017 2913 1071 2977 de-

177 3015 322 3079 cennium
336 3013 512 3093 abfuemm,
527 3023 560 3079 et
574 3038 638 3079 non
657 3039 743 3080 secus
764 3017 871 3078 omnia
889 3015 1071 3079 admirabar
1084 3047 1116 3082 20

177 3139 273 3202 quam
288 3115 502 3201 Epimenides,
518 3119 747 3182 somniatorum
763 3119 918 3204 princeps,
930 3118 984 3180 vix
998 3125 1070 3182 tan·

177 3219 249 3284 dem
264 3226 471 3306 experrectus.

243 3323 299 3386 Cu.
324 3345 479 3411 quaenam
497 3324 561 3390 iste
574 3331 626 3392 est
638 3323 774 3392 laedat
