2324 3742
281 158 603 260 Autobiography
627 159 678 258 <ff
693 153 881 230 Eusebius
976 157 1021 230 47

329 473 591 559 Autobugraphy
611 472 656 556 ‘ff
667 472 830 535 Emeum.

198 647 256 709 Pa.
283 666 391 707 verum
402 665 486 706 nunc
496 641 653 705 Eusebius
663 662 728 703 non
742 637 930 724 gravabitur
940 634 1027 721 apud

135 750 251 812 amicos
264 747 350 810 vitae
364 769 439 809 suae
452 767 596 808 scaenam
610 744 752 830 aliquam
765 742 931 827 explicare.

198 850 258 913 Eu,
281 848 379 911 immo
407 853 511 910 utam
540 843 693 924 fabulam,
723 845 748 907 si
778 843 923 917 videtur;
952 862 1024 904 nam

135 951 232 1016 habet
246 959 336 1014 actus
349 972 414 1012 non
430 949 556 1012 multos.

199 1054 258 1116 Gn.
282 1052 344 1116 erit
358 1073 549 1137 magnopere
562 1058 701 1136 gratum.
1042 1072 1056 1124 5

199 1158 258 1220 Eu,
281 1178 353 1219 cum
370 1154 518 1218 redissem
533 1155 566 1217 in
581 1154 730 1239 patriam,
745 1175 863 1216 annum
878 1151 964 1237 apud
979 1175 1028 1215 me

135 1257 304 1322 deliberavi
324 1257 485 1344 quodnam
505 1257 591 1320 vitae
609 1280 708 1342 genus
728 1256 877 1341 amplecti
895 1254 1029 1330 vellem;

135 1360 290 1446 simulque
304 1362 469 1446 meipsum
483 1359 657 1446 exploravi,
666 1358 708 1423 ad
719 1357 807 1444 quod
819 1380 919 1442 genus
932 1381 1028 1422 essem

134 1461 273 1525 idoneus.
318 1461 447 1525 interim
476 1459 621 1525 oblatum
647 1467 695 1524 est
720 1460 929 1524 sacerdotium
952 1462 1029 1525 satis

135 1566 296 1652 opimum3
331 1565 447 1650 accepi.
491 1565 582 1641 mihi,
610 1571 648 1628 ut
677 1571 753 1628 sunt
780 1589 829 1628 res
861 1566 1028 1644 humanae,
1044 1594 1073 1630 ιο

93 1704 98 1713 -
134 1665 350 1754 exoptandum
366 1665 542 1730 videbatur.
583 1690 625 1730 au
641 1667 827 1737 mediocrem
843 1668 1027 1732 felicitatem

134 1793 198 1833 esse
211 1769 335 1857 putatis
349 1768 457 1832 subito
467 1768 556 1832 velut
569 1792 587 1833 e
602 1769 688 1832 oaelo
703 1769 772 1833 dari
786 1777 839 1833 lot
853 1771 1028 1850 commoda,

134 1870 338 1956 dignitatem,
366 1869 457 1934 aedes
491 1871 640 1934 honestas
668 1878 702 1934 et
730 1871 811 1935 bene
846 1871 1028 1951 instructas,

134 1973 384 2038 annuosreditus
392 1973 469 2036 satis
478 1974 610 2060 amplos,
619 1973 803 2038 sodalicium
812 1975 1028 2052 honorificum,

134 2075 248 2139 deinde
262 2074 417 2162 templum
432 2075 498 2154 ubi,
514 2076 540 2138 si
555 2075 664 2154 libeat,
680 2100 769 2140 vaces
782 2077 953 2163 religioni?
1044 2107 1072 2159 15

198 2178 255 2241 Po.
284 2176 318 2240 in
332 2176 395 2240 isto
408 2199 523 2261 genere
536 2177 643 2241 vixisti
659 2183 838 2264 perpetuo?

199 2280 259 2342 Eu.
281 2284 447 2364 perpetuo,
456 2278 517 2340 nisi
530 2277 617 2364 quod
628 2278 756 2342 interim
766 2285 922 2364 quattuor
929 2303 1028 2343 annos

135 2380 272 2466 primum
287 2379 338 2464 egi
353 2380 490 2444 Patavii.

199 2484 254 2547 Po.
285 2505 380 2568 quam
397 2483 543 2546 obrem?

198 2585 259 2648 Eu.
281 2585 339 2648 hos
352 2607 451 2648 annos
471 2586 519 2649 ita
537 2585 677 2670 partitus
691 2608 770 2664 sum,
785 2592 824 2649 ut
838 2609 892 2649 sex
910 2610 1028 2650 menses
1040 2614 1072 2650 20

135 2684 242 2749 darem
266 2685 374 2750 studio
399 2686 583 2764 medicinae,
604 2687 760 2773 reliquum
786 2695 912 2775 tempus
937 2689 1028 2753 theo-

135 2787 247 2874 legiae.

198 2891 256 2955 Po.
285 2913 341 2954 cur
355 2890 412 2955 id?

199 2994 258 3057 Eu.
282 3016 346 3080 quo
372 2994 483 3058 melius
505 3003 539 3058 et
561 2996 703 3058 animum
728 3004 761 3059 et
787 3019 900 3083 corpus
923 3021 1027 3061 meum

136 3095 314 3161 moderarer
326 3105 360 3162 et
369 3099 477 3161 amicis
492 3099 691 3162 consulerem.
730 3108 848 3163 namet
863 3102 1029 3164 contiouor
1040 3128 1072 3181 25

135 3220 362 3284 nonnunquam
377 3222 436 3285 pro
447 3223 516 3262 mea
531 3201 694 3286 sapientia.
733 3203 777 3264 sic
786 3202 939 3265 haetenus
952 3204 1029 3266 satis

134 3300 307 3386 tranquille
335 3302 410 3382 vixi,
438 3309 609 3368 contentus
637 3304 736 3367 unico
764 3303 966 3374 sacerdouo„
984 3321 1051 3358 uec
