2324 3742
305 753 607 846 OOLLOQUIA
640 751 847 828 LATINA.

564 1010 594 1088 I‘.

356 1215 414 1276 On
434 1216 495 1276 the
516 1232 594 1290 way
615 1219 652 1276 to
675 1215 806 1276 school.

400 1396 547 1451 SILVIUS.
587 1397 760 1452 IOANNES.

199 1551 241 1614 Sl.
272 1571 328 1613 cur
342 1548 420 1612 adeo
436 1550 543 1627 curris,
559 1551 715 1613 Ioannes?

198 1653 243 1716 10.
275 1656 350 1714 ‘cur
362 1650 472 1737 lepus‚'
486 1658 525 1714 ut
539 1651 643 1728 aiunt,
656 1657 735 1737 ‘pro
750 1651 880 1716 canibus
891 1653 923 1716 θ’

93 1760 96 1763 ’
198 1739 241 1818 Si.
272 1752 351 1839 quid
364 1753 425 1816 hoc
438 1751 641 1838 proverbium
656 1757 727 1816 est?

52 1848 157 1983 nst
197 1855 243 1918 Ιο.
274 1856 360 1940 quia,
368 1855 428 1917 nisi
437 1853 569 1917 adiuero
578 1854 611 1917 in
621 1861 763 1940 tempore
773 1862 848 1918 ante
857 1857 1024 1920 recitatum

119 2016 122 2041 ς
134 1957 324 2042 catalogum,
339 1965 446 2021 aetum
462 1965 510 2020 est
524 1956 564 2020 de
578 1957 660 2043 pelle
675 1981 752 2021 mea
1040 1991 1054 2044 5

112 2056 137 2121 i·
198 2061 241 2123 Si.
271 2059 331 2122 han
354 2059 483 2145 quidem
509 2082 548 2122 ex
578 2067 670 2145 parte
698 2059 780 2123 nihil
809 2067 858 2124 est
883 2062 1024 2147 periculi.

40 2145 118 2281 'aar‘
135 2162 229 2226 modo
248 2165 422 2250 praeterita
441 2170 489 2227 est
503 2164 626 2248 quinta.
672 2164 791 2249 inspice
805 2164 1027 2250 horologium3

135 2288 245 2329 manus
263 2265 405 2329 nondum
427 2266 538 2350 tetigit
560 2272 726 2350 punctum,
746 2267 834 2351 quod
853 2268 963 2330 horam
984 2267 1027 2331 ab

134 2367 213 2431 hora
233 2368 342 2453 aequis
364 2369 476 2453 spatiis
497 2366 623 2431 dividit.

199 2470 244 2534 Io.
274 2476 311 2533 at
332 2491 391 2554 ego
413 2468 590 2541 virhabeo
611 2468 705 2531 fidem
724 2469 918 2553 horologiis3
939 2493 1026 2534 men·
1041 2500 1071 2536 10

135 2572 262 2637 tiuntur
282 2595 519 2657 nonnunquam.

199 2676 242 2739 S1.
273 2682 308 2739 at
323 2675 401 2738 mihi
417 2674 488 2752 fide,
503 2674 560 2759 qui
575 2696 746 2759 campanae
760 2696 867 2736 vocem
882 2675 999 2740 audivi.
1009 2657 1028 2697 '²

199 2780 244 2842 Io.
275 2777 354 2863 quid
368 2777 582 2862 loquebatur?

200 2881 243 2944 S1.
273 2879 384 2943 horam
400 2902 463 2942 esse
478 2878 634 2963 quintam.

200 2985 245 3047 10.
276 2981 331 3046 sed
345 2989 394 3045 est
408 2988 442 3045 et
452 2980 550 3058 aliud,
562 2979 646 3042 unde
658 2981 758 3064 magis
773 2981 869 3044 etiam
885 2982 1025 3048 timeam.
1043 3007 1071 3058 15

10 3163 13 3167 .
136 3085 294 3151 reddenda
305 3093 353 3149 est
367 3085 549 3148 memoriter
559 3084 706 3147 hesterna
716 3082 823 3162 lectio,
833 3084 911 3147 satis
921 3084 1026 3172 longa

137 3213 243 3255 vereor
255 3199 295 3255 ut
306 3191 435 3278 possim.

202 3333 274 3378 nn
961 3308 994 3363 Χ
