2324 3742
169 167 191 232 4
372 156 410 228 Α
441 153 580 232 lecture
605 182 654 231 on
679 183 854 234 manners

231 341 288 402 Po.
319 339 382 402 iam
399 362 452 403 sex
467 340 565 404 ferme
580 364 708 406 menses

232 442 290 504 ΡΑ.
321 439 503 504 addendum
519 449 588 505 erat
604 442 774 507 ‘domine'

232 545 288 607 Pu.
319 543 382 606 iam
398 568 452 607 sex
466 546 564 609 ferme
579 569 708 625 menses,
723 545 860 611 domine.

232 648 290 710 ΡΑ.
321 668 426 709 nonne
440 649 580 732 tangeris
595 647 750 711 desiderio
765 650 900 714 matris?

232 752 288 814 Pu.
319 772 547 837 nonnunquam
564 775 646 816 sane.

232 852 291 914 Pa.
322 853 410 937 cupis
425 876 492 916 eam
509 855 662 917 revisere?

233 954 287 1016 Pu
320 955 424 1040 cupio,
439 955 577 1033 domine,
593 956 618 1018 si
634 955 669 1019 id
683 978 760 1042 pace
774 955 850 1020 licet
864 964 931 1022 tua.

216 1056 291 1117 ‘Pa
323 1054 402 1118 bene
421 1055 528 1119 habet.
574 1056 618 1119 sic
640 1059 776 1142 pergito.
821 1081 892 1122 cum
916 1057 1065 1142 loqueris,

169 1182 242 1222 cave
257 1182 297 1221 ne
311 1159 500 1245 praecipites
516 1183 702 1240 sermonem,
716 1168 774 1224 aut
789 1161 925 1224 haesites
939 1161 1065 1245 lingua3

127 1286 157 1322 10
169 1259 223 1323 sed
240 1260 322 1323 clare
341 1262 535 1324 consuescito
557 1262 696 1347 proferre
711 1262 807 1325 verba
826 1269 893 1325 tua.
938 1263 971 1324 in
991 1283 1066 1324 con·

170 1363 253 1425 vivio
269 1362 313 1424 sic
326 1369 360 1426 te
374 1363 539 1449 praebebis
550 1361 694 1441 hilarem,
707 1372 745 1427 ut
756 1387 878 1450 semper
889 1364 1067 1427 memineris

170 1465 249 1551 quid
263 1465 373 1530 deceat
387 1474 525 1530 aetatem
541 1474 640 1531 tuam.
686 1468 712 1530 si
728 1467 808 1552 quid
821 1468 918 1531 datur
930 1466 1066 1564 drantius,

170 1593 277 1634 recusa
311 1570 472 1635 modeste:
510 1572 535 1634 si
570 1571 756 1648 instabitur,
789 1571 907 1656 accipe,
939 1577 973 1634 et
1007 1592 1067 1654 age

169 1673 298 1757 gratias.
343 1672 447 1736 arride
461 1673 686 1758 loquentibus3
708 1674 775 1760 ipse
790 1695 883 1759 parce
902 1672 990 1757 loqui
1006 1672 1066 1734 nisi

128 1791 158 1846 13
170 1782 311 1861 rogatus,
326 1775 396 1840 aliis
416 1784 516 1841 temet
534 1785 736 1864 anteponere,
748 1784 805 1840 tua
820 1778 947 1848 iactare,
963 1774 1068 1838 aliena

170 1878 336 1965 despicere.
382 1887 450 1944 esto
470 1882 578 1958 comis,
592 1882 690 1945 etiam
710 1903 786 1964 erga
800 1881 904 1942 tenuis
919 1879 1067 1942 fortunae

171 1979 301 2044 sodales.
338 1983 495 2046 neminem
510 1983 643 2047 deferto.
679 1983 728 2045 ita
742 1983 799 2046 fiet
813 1989 852 2045 ut
865 1983 932 2044 sine
947 1980 1069 2044 invidia

171 2083 297 2147 laudem
317 2085 468 2165 invenias,
483 2095 517 2150 et
536 2087 653 2150 amicos
673 2109 772 2172 pares,
818 2085 843 2148 si
859 2084 974 2147 videris
994 2106 1068 2147 con·

173 2186 291 2249 vivium
311 2210 375 2249 esse
397 2187 533 2272 longius,
548 2195 694 2274 precatus
714 2187 849 2264 veniam,
864 2209 901 2249 ac
921 2186 1068 2249 salutatis

128 2289 323 2367 acconvivis,
344 2275 515 2352 subducito
540 2297 573 2352 te
595 2312 615 2352 a
636 2310 751 2352 mensa.
798 2286 869 2351 vide
890 2295 930 2351 ut
954 2287 1068 2351 horum

174 2393 360 2456 memineris.

238 2495 294 2558 Po.
325 2491 457 2557 dabitur
486 2515 592 2579 opera,
622 2494 665 2557 mi
700 2498 895 2577 praeceptor.
955 2489 1070 2575 ecquid

175 2594 264 2658 aliud
284 2595 354 2658 vis?

239 2698 298 2760 Pa,
329 2695 381 2759 adi
398 2719 482 2759 nunc
496 2696 594 2760 libros
608 2705 690 2761 tuos.

133 2820 163 2872 25
241 2798 298 2863 Pu.
329 2799 394 2862 fiet
