<?xml version="1.0" encoding="UTF-8"?>
<!DOCTYPE html PUBLIC "-//W3C//DTD XHTML 1.0 Transitional//EN"
    "http://www.w3.org/TR/xhtml1/DTD/xhtml1-transitional.dtd">
<html xmlns="http://www.w3.org/1999/xhtml" xml:lang="en" lang="en">
 <head>
  <title>
</title>
<meta http-equiv="Content-Type" content="text/html;charset=utf-8" />
  <meta name='ocr-system' content='tesseract 3.04.00' />
  <meta name='ocr-capabilities' content='ocr_page ocr_carea ocr_par ocr_line ocrx_word'/>
</head>
<body>
  <div class='ocr_page' id='page_1' title='image "./colloquialatina01erasgoog_0051.png"; bbox 0 0 2324 3742; ppageno 0'>
   <div class='ocr_carea' id='block_1_1' title="bbox 176 125 947 226">
    <p class='ocr_par' dir='ltr' id='par_1_1' title="bbox 176 125 947 226">
     <span class='ocr_line' id='line_1_1' title="bbox 176 125 947 226; baseline -0.005 -21"><span class='ocrx_word' id='word_1_1' title='bbox 176 140 223 206; x_wconf 83' lang='lat'><strong>24</strong></span> <span class='ocrx_word' id='word_1_2' title='bbox 400 126 512 205; x_wconf 75' lang='lat' dir='ltr'><strong>Book</strong></span> <span class='ocrx_word' id='word_1_3' title='bbox 522 125 634 226; x_wconf 77' lang='lat' dir='ltr'><strong>from</strong></span> <span class='ocrx_word' id='word_1_4' title='bbox 660 127 719 202; x_wconf 74' lang='lat' dir='ltr'><strong>tlte</strong></span> <span class='ocrx_word' id='word_1_5' title='bbox 743 151 843 202; x_wconf 73' lang='lat' dir='ltr'><strong>wara</strong></span> <span class='ocrx_word' id='word_1_6' title='bbox 944 179 947 183; x_wconf 60' lang='grc'><strong><em>«</em></strong></span> 
     </span>
    </p>
   </div>
   <div class='ocr_carea' id='block_1_2' title="bbox 86 313 1070 3366">
    <p class='ocr_par' dir='ltr' id='par_1_2' title="bbox 86 313 1070 3366">
     <span class='ocr_line' id='line_1_2' title="bbox 237 313 1063 400; baseline 0.005 -24"><span class='ocrx_word' id='word_1_7' title='bbox 237 315 300 377; x_wconf 86' lang='grc' dir='ltr'><strong>ΤΗ.</strong></span> <span class='ocrx_word' id='word_1_8' title='bbox 327 314 468 400; x_wconf 88' lang='lat' dir='ltr'><strong>suspicor</strong></span> <span class='ocrx_word' id='word_1_9' title='bbox 490 320 549 376; x_wconf 88' lang='lat' dir='ltr'><strong>aut</strong></span> <span class='ocrx_word' id='word_1_10' title='bbox 570 336 646 377; x_wconf 88' lang='lat' dir='ltr'><strong>saxo</strong></span> <span class='ocrx_word' id='word_1_11' title='bbox 667 320 727 377; x_wconf 87' lang='lat' dir='ltr'><strong>aut</strong></span> <span class='ocrx_word' id='word_1_12' title='bbox 747 315 821 400; x_wconf 94' lang='lat' dir='ltr'><strong>equi</strong></span> <span class='ocrx_word' id='word_1_13' title='bbox 842 314 927 379; x_wconf 91' lang='lat' dir='ltr'><strong>calce</strong></span> <span class='ocrx_word' id='word_1_14' title='bbox 948 313 1063 380; x_wconf 86' lang='lat' dir='ltr'><strong>laesum</strong></span> 
     </span>
     <span class='ocr_line' id='line_1_3' title="bbox 172 437 265 499; baseline 0.032 -22"><span class='ocrx_word' id='word_1_15' title='bbox 172 437 265 499; x_wconf 87' lang='lat' dir='ltr'><strong>genu.</strong></span> 
     </span>
     <span class='ocr_line' id='line_1_4' title="bbox 86 519 525 602; baseline 0.005 -22"><span class='ocrx_word' id='word_1_16' title='bbox 86 543 88 548; x_wconf 64' lang='grc'>’</span> <span class='ocrx_word' id='word_1_17' title='bbox 238 519 305 581; x_wconf 80' lang='grc' dir='ltr'><strong>ΗΔ.</strong></span> <span class='ocrx_word' id='word_1_18' title='bbox 329 525 365 581; x_wconf 87' lang='lat' dir='ltr'><strong>at</strong></span> <span class='ocrx_word' id='word_1_19' title='bbox 379 541 438 602; x_wconf 89' lang='lat' dir='ltr'><strong>ego</strong></span> <span class='ocrx_word' id='word_1_20' title='bbox 453 520 525 582; x_wconf 94' lang='lat' dir='ltr'><strong>scio.</strong></span> 
     </span>
     <span class='ocr_line' id='line_1_5' title="bbox 237 621 860 710; baseline 0.005 -26"><span class='ocrx_word' id='word_1_21' title='bbox 237 622 301 684; x_wconf 87' lang='grc' dir='ltr'><strong>ΤΗ.</strong></span> <span class='ocrx_word' id='word_1_22' title='bbox 328 621 409 685; x_wconf 82' lang='lat' dir='ltr'><strong>scis?</strong></span> <span class='ocrx_word' id='word_1_23' title='bbox 431 644 472 684; x_wconf 90' lang='lat' dir='ltr'><strong>an</strong></span> <span class='ocrx_word' id='word_1_24' title='bbox 487 621 549 685; x_wconf 86' lang='lat' dir='ltr'><strong>tibi</strong></span> <span class='ocrx_word' id='word_1_25' title='bbox 565 623 707 687; x_wconf 87' lang='lat' dir='ltr'><strong>narravit</strong></span> <span class='ocrx_word' id='word_1_26' title='bbox 721 623 860 710; x_wconf 85' lang='lat' dir='ltr'><strong>aliquis?</strong></span> 
     </span>
     <span class='ocr_line' id='line_1_6' title="bbox 145 723 622 799; baseline 0.01 -16"><span class='ocrx_word' id='word_1_27' title='bbox 145 738 162 792; x_wconf 81' lang='grc'><strong><em>5</em></strong></span> <span class='ocrx_word' id='word_1_28' title='bbox 238 724 306 785; x_wconf 73' lang='grc' dir='ltr'><strong>ΗΑ.</strong></span> <span class='ocrx_word' id='word_1_29' title='bbox 329 746 414 799; x_wconf 92' lang='lat' dir='ltr'><strong>non;</strong></span> <span class='ocrx_word' id='word_1_30' title='bbox 435 723 490 786; x_wconf 90' lang='lat' dir='ltr'><strong>sed</strong></span> <span class='ocrx_word' id='word_1_31' title='bbox 504 724 622 790; x_wconf 91' lang='lat' dir='ltr'><strong>divino.</strong></span> 
     </span>
     <span class='ocr_line' id='line_1_7' title="bbox 237 825 503 911; baseline 0.004 -22"><span class='ocrx_word' id='word_1_32' title='bbox 237 827 302 889; x_wconf 83' lang='lat' dir='ltr'><strong>Tu.</strong></span> <span class='ocrx_word' id='word_1_33' title='bbox 329 825 381 889; x_wconf 89' lang='lat' dir='ltr'><strong>dic</strong></span> <span class='ocrx_word' id='word_1_34' title='bbox 395 825 503 911; x_wconf 85' lang='lat' dir='ltr'><strong>igitur.</strong></span> 
     </span>
     <span class='ocr_line' id='line_1_8' title="bbox 239 928 1067 1041; baseline 0.002 -48"><span class='ocrx_word' id='word_1_35' title='bbox 239 931 306 994; x_wconf 73' lang='lat' dir='ltr'><strong>HA.</strong></span> <span class='ocrx_word' id='word_1_36' title='bbox 330 951 401 992; x_wconf 89' lang='lat' dir='ltr'><strong>cum</strong></span> <span class='ocrx_word' id='word_1_37' title='bbox 427 928 558 1041; x_wconf 48' lang='lat' dir='ltr'><strong>fugeres!</strong></span> <span class='ocrx_word' id='word_1_38' title='bbox 572 931 716 1016; x_wconf 85' lang='lat' dir='ltr'><strong>pavidus,</strong></span> <span class='ocrx_word' id='word_1_39' title='bbox 731 932 886 1019; x_wconf 87' lang='lat' dir='ltr'><strong>collapsus</strong></span> <span class='ocrx_word' id='word_1_40' title='bbox 907 932 997 996; x_wconf 91' lang='lat' dir='ltr'><strong>humi</strong></span> <span class='ocrx_word' id='word_1_41' title='bbox 1019 936 1067 996; x_wconf 90' lang='lat' dir='ltr'><strong>of-</strong></span> 
     </span>
     <span class='ocr_line' id='line_1_9' title="bbox 174 1029 626 1108; baseline -0.007 -12"><span class='ocrx_word' id='word_1_42' title='bbox 174 1031 303 1097; x_wconf 87' lang='lat' dir='ltr'><strong>fendisti</strong></span> <span class='ocrx_word' id='word_1_43' title='bbox 326 1031 359 1094; x_wconf 94' lang='lat' dir='ltr'><strong>in</strong></span> <span class='ocrx_word' id='word_1_44' title='bbox 381 1031 507 1096; x_wconf 88' lang='lat' dir='ltr'><strong>silicem.</strong></span> <span class='ocrx_word' id='word_1_45' title='bbox 523 1029 626 1108; x_wconf 51' lang='lat' dir='ltr'><strong>(W</strong></span> 
     </span>
     <span class='ocr_line' id='line_1_10' title="bbox 239 1136 1068 1223; baseline 0.004 -24"><span class='ocrx_word' id='word_1_46' title='bbox 239 1138 303 1200; x_wconf 98' lang='grc' dir='ltr'><strong>ΤΗ.</strong></span> <span class='ocrx_word' id='word_1_47' title='bbox 330 1157 466 1221; x_wconf 81' lang='lat' dir='ltr'><strong>peream,</strong></span> <span class='ocrx_word' id='word_1_48' title='bbox 498 1136 559 1198; x_wconf 91' lang='lat' dir='ltr'><strong>nisi</strong></span> <span class='ocrx_word' id='word_1_49' title='bbox 591 1160 657 1200; x_wconf 90' lang='lat' dir='ltr'><strong>rem</strong></span> <span class='ocrx_word' id='word_1_50' title='bbox 691 1160 750 1201; x_wconf 81' lang='lat' dir='ltr'><strong>acu</strong></span> <span class='ocrx_word' id='word_1_51' title='bbox 783 1137 931 1223; x_wconf 70' lang='lat' dir='ltr'><strong>tetigisti.</strong></span> <span class='ocrx_word' id='word_1_52' title='bbox 989 1138 1068 1202; x_wconf 82' lang='lat' dir='ltr'><strong>adeo</strong></span> 
     </span>
     <span class='ocr_line' id='line_1_11' title="bbox 133 1236 703 1322; baseline 0.005 -22"><span class='ocrx_word' id='word_1_53' title='bbox 133 1264 163 1300; x_wconf 86' lang='lat' dir='ltr'><strong>ro</strong></span> <span class='ocrx_word' id='word_1_54' title='bbox 176 1236 342 1302; x_wconf 90' lang='lat' dir='ltr'><strong>verisimile</strong></span> <span class='ocrx_word' id='word_1_55' title='bbox 363 1244 412 1300; x_wconf 89' lang='lat' dir='ltr'><strong>est</strong></span> <span class='ocrx_word' id='word_1_56' title='bbox 433 1237 521 1322; x_wconf 92' lang='lat' dir='ltr'><strong>quod</strong></span> <span class='ocrx_word' id='word_1_57' title='bbox 542 1237 703 1304; x_wconf 80' lang='lat' dir='ltr'><strong>divinasti.</strong></span> 
     </span>
     <span class='ocr_line' id='line_1_12' title="bbox 240 1337 1051 1409; baseline 0.002 -4"><span class='ocrx_word' id='word_1_58' title='bbox 240 1343 308 1405; x_wconf 78' lang='grc' dir='ltr'><strong>ΗΔ.</strong></span> <span class='ocrx_word' id='word_1_59' title='bbox 330 1337 384 1402; x_wconf 90' lang='lat' dir='ltr'><strong>abi</strong></span> <span class='ocrx_word' id='word_1_60' title='bbox 399 1338 529 1403; x_wconf 93' lang='lat' dir='ltr'><strong>domum</strong></span> <span class='ocrx_word' id='word_1_61' title='bbox 545 1347 579 1404; x_wconf 88' lang='lat' dir='ltr'><strong>et</strong></span> <span class='ocrx_word' id='word_1_62' title='bbox 593 1342 685 1405; x_wconf 86' lang='lat' dir='ltr'><strong>uxori</strong></span> <span class='ocrx_word' id='word_1_63' title='bbox 699 1365 794 1406; x_wconf 87' lang='lat' dir='ltr'><strong>narra</strong></span> <span class='ocrx_word' id='word_1_64' title='bbox 806 1349 879 1407; x_wconf 88' lang='lat' dir='ltr'><strong>tuas</strong></span> <span class='ocrx_word' id='word_1_65' title='bbox 893 1342 1051 1409; x_wconf 81' lang='lat' dir='ltr'><strong>victorias.</strong></span> 
     </span>
     <span class='ocr_line' id='line_1_13' title="bbox 238 1442 1069 1532; baseline 0 -24"><span class='ocrx_word' id='word_1_66' title='bbox 238 1447 302 1509; x_wconf 89' lang='grc' dir='ltr'><strong>ΤΗ.</strong></span> <span class='ocrx_word' id='word_1_67' title='bbox 330 1442 386 1507; x_wconf 87' lang='lat' dir='ltr'><strong>illa</strong></span> <span class='ocrx_word' id='word_1_68' title='bbox 400 1443 479 1506; x_wconf 92' lang='lat' dir='ltr'><strong>mihi</strong></span> <span class='ocrx_word' id='word_1_69' title='bbox 495 1450 587 1506; x_wconf 79' lang='lat' dir='ltr'><strong>canet</strong></span> <span class='ocrx_word' id='word_1_70' title='bbox 601 1443 689 1507; x_wconf 92' lang='lat' dir='ltr'><strong>haud</strong></span> <span class='ocrx_word' id='word_1_71' title='bbox 702 1467 796 1508; x_wconf 88' lang='lat' dir='ltr'><strong>suave</strong></span> <span class='ocrx_word' id='word_1_72' title='bbox 810 1445 999 1524; x_wconf 85' lang='lat' dir='ltr'><strong>encomium,</strong></span> <span class='ocrx_word' id='word_1_73' title='bbox 1013 1444 1069 1532; x_wconf 94' lang='lat' dir='ltr'><strong>qui</strong></span> 
     </span>
     <span class='ocr_line' id='line_1_14' title="bbox 174 1545 427 1613; baseline -0.012 0"><span class='ocrx_word' id='word_1_74' title='bbox 174 1547 278 1613; x_wconf 92' lang='lat' dir='ltr'><strong>nudus</strong></span> <span class='ocrx_word' id='word_1_75' title='bbox 292 1545 427 1611; x_wconf 85' lang='lat' dir='ltr'><strong>redeam.</strong></span> 
     </span>
     <span class='ocr_line' id='line_1_15' title="bbox 240 1649 919 1737; baseline 0 -23"><span class='ocrx_word' id='word_1_76' title='bbox 240 1653 307 1716; x_wconf 80' lang='grc' dir='ltr'><strong>ΗΔ.</strong></span> <span class='ocrx_word' id='word_1_77' title='bbox 331 1649 386 1715; x_wconf 88' lang='lat' dir='ltr'><strong>sed</strong></span> <span class='ocrx_word' id='word_1_78' title='bbox 399 1649 484 1714; x_wconf 90' lang='lat' dir='ltr'><strong>unde</strong></span> <span class='ocrx_word' id='word_1_79' title='bbox 497 1651 645 1714; x_wconf 80' lang='lat' dir='ltr'><strong>restitues</strong></span> <span class='ocrx_word' id='word_1_80' title='bbox 660 1651 747 1737; x_wconf 92' lang='lat' dir='ltr'><strong>quod</strong></span> <span class='ocrx_word' id='word_1_81' title='bbox 761 1650 919 1737; x_wconf 84' lang='lat' dir='ltr'><strong>rapuisti?</strong></span> 
     </span>
     <span class='ocr_line' id='line_1_16' title="bbox 133 1753 681 1839; baseline -0.004 -21"><span class='ocrx_word' id='word_1_82' title='bbox 133 1772 162 1826; x_wconf 77' lang='grc' dir='ltr'><strong>ις</strong></span> <span class='ocrx_word' id='word_1_83' title='bbox 239 1756 303 1819; x_wconf 94' lang='grc' dir='ltr'><strong>ΤΗ.</strong></span> <span class='ocrx_word' id='word_1_84' title='bbox 330 1754 393 1817; x_wconf 90' lang='lat' dir='ltr'><strong>iam</strong></span> <span class='ocrx_word' id='word_1_85' title='bbox 408 1753 532 1839; x_wconf 86' lang='lat' dir='ltr'><strong>pridem</strong></span> <span class='ocrx_word' id='word_1_86' title='bbox 546 1754 681 1816; x_wconf 86' lang='lat' dir='ltr'><strong>restitui.</strong></span> 
     </span>
     <span class='ocr_line' id='line_1_17' title="bbox 240 1855 406 1920; baseline -0.012 0"><span class='ocrx_word' id='word_1_87' title='bbox 240 1859 308 1920; x_wconf 76' lang='grc' dir='ltr'><strong>ΗΑ.</strong></span> <span class='ocrx_word' id='word_1_88' title='bbox 331 1855 406 1919; x_wconf 85' lang='lat' dir='ltr'><strong>cui?</strong></span> 
     </span>
     <span class='ocr_line' id='line_1_18' title="bbox 239 1960 980 2046; baseline -0.003 -20"><span class='ocrx_word' id='word_1_89' title='bbox 239 1963 303 2026; x_wconf 89' lang='grc' dir='ltr'><strong>ΤΗ.</strong></span> <span class='ocrx_word' id='word_1_90' title='bbox 331 1960 493 2046; x_wconf 86' lang='lat' dir='ltr'><strong>oenopolis</strong></span> <span class='ocrx_word' id='word_1_91' title='bbox 508 1967 542 2025; x_wconf 87' lang='lat' dir='ltr'><strong>et</strong></span> <span class='ocrx_word' id='word_1_92' title='bbox 556 1960 595 2023; x_wconf 88' lang='lat' dir='ltr'><strong>iis</strong></span> <span class='ocrx_word' id='word_1_93' title='bbox 609 1960 665 2046; x_wconf 93' lang='lat' dir='ltr'><strong>qui</strong></span> <span class='ocrx_word' id='word_1_94' title='bbox 681 1983 731 2024; x_wconf 91' lang='lat' dir='ltr'><strong>me</strong></span> <span class='ocrx_word' id='word_1_95' title='bbox 746 1961 890 2035; x_wconf 84' lang='lat' dir='ltr'><strong>vicerunt</strong></span> <span class='ocrx_word' id='word_1_96' title='bbox 903 1965 980 2024; x_wconf 87' lang='lat' dir='ltr'><strong>alea.</strong></span> 
     </span>
     <span class='ocr_line' id='line_1_19' title="bbox 241 2064 1070 2151; baseline -0.001 -22"><span class='ocrx_word' id='word_1_97' title='bbox 241 2067 308 2130; x_wconf 74' lang='lat' dir='ltr'><strong>HA.</strong></span> <span class='ocrx_word' id='word_1_98' title='bbox 331 2065 409 2128; x_wconf 87' lang='lat' dir='ltr'><strong>satis</strong></span> <span class='ocrx_word' id='word_1_99' title='bbox 445 2064 637 2129; x_wconf 84' lang='lat' dir='ltr'><strong>militariter.</strong></span> <span class='ocrx_word' id='word_1_100' title='bbox 686 2086 746 2150; x_wconf 92' lang='lat' dir='ltr'><strong>par</strong></span> <span class='ocrx_word' id='word_1_101' title='bbox 781 2073 830 2129; x_wconf 92' lang='lat' dir='ltr'><strong>est</strong></span> <span class='ocrx_word' id='word_1_102' title='bbox 865 2064 953 2151; x_wconf 91' lang='lat' dir='ltr'><strong>quod</strong></span> <span class='ocrx_word' id='word_1_103' title='bbox 988 2065 1070 2128; x_wconf 81' lang='lat' dir='ltr'><strong>male</strong></span> 
     </span>
     <span class='ocr_line' id='line_1_20' title="bbox 175 2167 1070 2260; baseline -0.006 -24"><span class='ocrx_word' id='word_1_104' title='bbox 175 2178 304 2260; x_wconf 87' lang='lat' dir='ltr'><strong>partum</strong></span> <span class='ocrx_word' id='word_1_105' title='bbox 337 2176 387 2233; x_wconf 88' lang='lat' dir='ltr'><strong>est</strong></span> <span class='ocrx_word' id='word_1_106' title='bbox 418 2168 507 2254; x_wconf 92' lang='lat' dir='ltr'><strong>peius</strong></span> <span class='ocrx_word' id='word_1_107' title='bbox 537 2168 648 2254; x_wconf 88' lang='lat' dir='ltr'><strong>perire.</strong></span> <span class='ocrx_word' id='word_1_108' title='bbox 705 2189 812 2230; x_wconf 87' lang='lat' dir='ltr'><strong>verum</strong></span> <span class='ocrx_word' id='word_1_109' title='bbox 841 2189 863 2230; x_wconf 87' lang='lat' dir='ltr'><strong>a</strong></span> <span class='ocrx_word' id='word_1_110' title='bbox 890 2167 1070 2253; x_wconf 84' lang='lat' dir='ltr'><strong>sacrilegiis,</strong></span> 
     </span>
     <span class='ocr_line' id='line_1_21' title="bbox 132 2275 613 2363; baseline -0.01 -26"><span class='ocrx_word' id='word_1_111' title='bbox 132 2301 164 2337; x_wconf 90' lang='lat'><strong>20</strong></span> <span class='ocrx_word' id='word_1_112' title='bbox 176 2275 300 2363; x_wconf 92' lang='lat' dir='ltr'><strong>opinor,</strong></span> <span class='ocrx_word' id='word_1_113' title='bbox 321 2278 535 2359; x_wconf 90' lang='lat' dir='ltr'><strong>temperatum</strong></span> <span class='ocrx_word' id='word_1_114' title='bbox 556 2275 613 2333; x_wconf 87' lang='lat' dir='ltr'><strong>est.</strong></span> 
     </span>
     <span class='ocr_line' id='line_1_22' title="bbox 239 2372 1070 2460; baseline -0.002 -20"><span class='ocrx_word' id='word_1_115' title='bbox 239 2378 303 2440; x_wconf 89' lang='grc' dir='ltr'><strong>ΤΗ.</strong></span> <span class='ocrx_word' id='word_1_116' title='bbox 331 2375 429 2440; x_wconf 92' lang='lat' dir='ltr'><strong>immo</strong></span> <span class='ocrx_word' id='word_1_117' title='bbox 440 2373 506 2438; x_wconf 90' lang='lat' dir='ltr'><strong>illic</strong></span> <span class='ocrx_word' id='word_1_118' title='bbox 517 2380 587 2437; x_wconf 89' lang='lat' dir='ltr'><strong>erat</strong></span> <span class='ocrx_word' id='word_1_119' title='bbox 597 2394 719 2437; x_wconf 88' lang='lat' dir='ltr'><strong>sacrum</strong></span> <span class='ocrx_word' id='word_1_120' title='bbox 730 2372 819 2437; x_wconf 76' lang='lat' dir='ltr'><strong>nihit</strong></span> <span class='ocrx_word' id='word_1_121' title='bbox 859 2396 916 2437; x_wconf 89' lang='lat' dir='ltr'><strong>nec</strong></span> <span class='ocrx_word' id='word_1_122' title='bbox 929 2373 1070 2460; x_wconf 83' lang='lat' dir='ltr'><strong>profanis</strong></span> 
     </span>
     <span class='ocr_line' id='line_1_23' title="bbox 175 2476 548 2568; baseline -0.011 -22"><span class='ocrx_word' id='word_1_123' title='bbox 175 2479 372 2568; x_wconf 85' lang='lat' dir='ltr'><strong>pepercimus</strong></span> <span class='ocrx_word' id='word_1_124' title='bbox 385 2500 443 2542; x_wconf 90' lang='lat' dir='ltr'><strong>nec</strong></span> <span class='ocrx_word' id='word_1_125' title='bbox 457 2476 548 2542; x_wconf 88' lang='lat' dir='ltr'><strong>fanis.</strong></span> 
     </span>
     <span class='ocr_line' id='line_1_24' title="bbox 241 2581 656 2672; baseline -0.01 -23"><span class='ocrx_word' id='word_1_126' title='bbox 241 2587 309 2650; x_wconf 79' lang='grc' dir='ltr'><strong>ΗΔ.</strong></span> <span class='ocrx_word' id='word_1_127' title='bbox 332 2607 397 2672; x_wconf 93' lang='lat' dir='ltr'><strong>quo</strong></span> <span class='ocrx_word' id='word_1_128' title='bbox 411 2589 507 2671; x_wconf 86' lang='lat' dir='ltr'><strong>pacto</strong></span> <span class='ocrx_word' id='word_1_129' title='bbox 522 2581 656 2646; x_wconf 84' lang='lat' dir='ltr'><strong>sarcies?</strong></span> 
     </span>
     <span class='ocr_line' id='line_1_25' title="bbox 182 2680 1070 2772; baseline -0.007 -18"><span class='ocrx_word' id='word_1_130' title='bbox 182 2751 184 2755; x_wconf 20' lang='lat'><em>⁴</em></span> <span class='ocrx_word' id='word_1_131' title='bbox 240 2689 303 2751; x_wconf 92' lang='grc' dir='ltr'><strong>ΤΗ.</strong></span> <span class='ocrx_word' id='word_1_132' title='bbox 330 2692 451 2772; x_wconf 87' lang='lat' dir='ltr'><strong>negant</strong></span> <span class='ocrx_word' id='word_1_133' title='bbox 466 2691 612 2771; x_wconf 85' lang='lat' dir='ltr'><strong>oportere</strong></span> <span class='ocrx_word' id='word_1_134' title='bbox 626 2682 732 2746; x_wconf 88' lang='lat' dir='ltr'><strong>sarciri</strong></span> <span class='ocrx_word' id='word_1_135' title='bbox 747 2680 834 2768; x_wconf 92' lang='lat' dir='ltr'><strong>quod</strong></span> <span class='ocrx_word' id='word_1_136' title='bbox 846 2682 879 2745; x_wconf 94' lang='lat' dir='ltr'><strong>in</strong></span> <span class='ocrx_word' id='word_1_137' title='bbox 890 2680 975 2747; x_wconf 90' lang='lat' dir='ltr'><strong>bello</strong></span> <span class='ocrx_word' id='word_1_138' title='bbox 986 2705 1070 2748; x_wconf 90' lang='lat' dir='ltr'><strong>com·</strong></span> 
     </span>
     <span class='ocr_line' id='line_1_26' title="bbox 132 2783 781 2874; baseline 0.005 -27"><span class='ocrx_word' id='word_1_139' title='bbox 132 2806 163 2861; x_wconf 65' lang='grc' dir='ltr'><strong>ες</strong></span> <span class='ocrx_word' id='word_1_140' title='bbox 176 2790 304 2852; x_wconf 91' lang='lat' dir='ltr'><strong>missum</strong></span> <span class='ocrx_word' id='word_1_141' title='bbox 319 2788 371 2852; x_wconf 91' lang='lat' dir='ltr'><strong>sit.</strong></span> <span class='ocrx_word' id='word_1_142' title='bbox 415 2787 484 2850; x_wconf 89' lang='lat' dir='ltr'><strong>iure</strong></span> <span class='ocrx_word' id='word_1_143' title='bbox 499 2787 538 2851; x_wconf 87' lang='lat' dir='ltr'><strong>fit</strong></span> <span class='ocrx_word' id='word_1_144' title='bbox 552 2783 639 2874; x_wconf 93' lang='lat' dir='ltr'><strong>quod</strong></span> <span class='ocrx_word' id='word_1_145' title='bbox 653 2783 720 2847; x_wconf 90' lang='lat' dir='ltr'><strong>illic</strong></span> <span class='ocrx_word' id='word_1_146' title='bbox 733 2783 781 2850; x_wconf 73' lang='lat' dir='ltr'><strong>fit</strong></span> 
     </span>
     <span class='ocr_line' id='line_1_27' title="bbox 241 2886 646 2954; baseline -0.01 0"><span class='ocrx_word' id='word_1_147' title='bbox 241 2891 308 2954; x_wconf 79' lang='lat' dir='ltr'><strong>HA.</strong></span> <span class='ocrx_word' id='word_1_148' title='bbox 332 2887 400 2952; x_wconf 91' lang='lat' dir='ltr'><strong>iure</strong></span> <span class='ocrx_word' id='word_1_149' title='bbox 414 2886 490 2950; x_wconf 89' lang='lat' dir='ltr'><strong>belli</strong></span> <span class='ocrx_word' id='word_1_150' title='bbox 504 2887 646 2952; x_wconf 84' lang='lat' dir='ltr'><strong>fortasse.</strong></span> 
     </span>
     <span class='ocr_line' id='line_1_28' title="bbox 240 2994 669 3056; baseline -0.009 0"><span class='ocrx_word' id='word_1_151' title='bbox 240 2994 304 3056; x_wconf 90' lang='grc' dir='ltr'><strong>ΤΗ.</strong></span> <span class='ocrx_word' id='word_1_152' title='bbox 332 2998 428 3054; x_wconf 82' lang='lat' dir='ltr'><strong>tenes</strong></span> <span class='ocrx_word' id='word_1_153' title='bbox 664 2999 669 3010; x_wconf 83' lang='grc'><strong><em>’</em></strong></span> 
     </span>
     <span class='ocr_line' id='line_1_29' title="bbox 242 3090 1070 3160; baseline -0.004 0"><span class='ocrx_word' id='word_1_154' title='bbox 242 3098 309 3160; x_wconf 78' lang='grc' dir='ltr'><strong>ΗΑ.</strong></span> <span class='ocrx_word' id='word_1_155' title='bbox 332 3101 369 3158; x_wconf 88' lang='lat' dir='ltr'><strong>at</strong></span> <span class='ocrx_word' id='word_1_156' title='bbox 402 3092 488 3157; x_wconf 89' lang='lat' dir='ltr'><strong>istud</strong></span> <span class='ocrx_word' id='word_1_157' title='bbox 523 3094 571 3156; x_wconf 90' lang='lat' dir='ltr'><strong>ius</strong></span> <span class='ocrx_word' id='word_1_158' title='bbox 607 3098 748 3156; x_wconf 90' lang='lat' dir='ltr'><strong>‘summa</strong></span> <span class='ocrx_word' id='word_1_159' title='bbox 780 3098 830 3155; x_wconf 91' lang='lat' dir='ltr'><strong>est</strong></span> <span class='ocrx_word' id='word_1_160' title='bbox 858 3090 993 3156; x_wconf 84' lang='lat' dir='ltr'><strong>iniuria&#39;</strong></span> <span class='ocrx_word' id='word_1_161' title='bbox 1035 3099 1070 3157; x_wconf 88' lang='lat' dir='ltr'><strong>te</strong></span> 
     </span>
     <span class='ocr_line' id='line_1_30' title="bbox 176 3193 1069 3283; baseline -0.008 -20"><span class='ocrx_word' id='word_1_162' title='bbox 176 3222 241 3263; x_wconf 92' lang='lat' dir='ltr'><strong>non</strong></span> <span class='ocrx_word' id='word_1_163' title='bbox 270 3196 394 3283; x_wconf 85' lang='lat' dir='ltr'><strong>patriae</strong></span> <span class='ocrx_word' id='word_1_164' title='bbox 422 3195 535 3282; x_wconf 79' lang='lat' dir='ltr'><strong>pietas,</strong></span> <span class='ocrx_word' id='word_1_165' title='bbox 564 3194 619 3260; x_wconf 89' lang='lat' dir='ltr'><strong>sed</strong></span> <span class='ocrx_word' id='word_1_166' title='bbox 643 3194 779 3283; x_wconf 84' lang='lat' dir='ltr'><strong>praedae</strong></span> <span class='ocrx_word' id='word_1_167' title='bbox 806 3216 876 3282; x_wconf 85' lang='lat' dir='ltr'><strong>spes</strong></span> <span class='ocrx_word' id='word_1_168' title='bbox 904 3193 1007 3257; x_wconf 83' lang='lat' dir='ltr'><strong>traxit</strong></span> <span class='ocrx_word' id='word_1_169' title='bbox 1035 3195 1069 3256; x_wconf 92' lang='lat' dir='ltr'><strong>in</strong></span> 
     </span>
     <span class='ocr_line' id='line_1_31' title="bbox 117 3301 299 3366; baseline 0.005 -1"><span class='ocrx_word' id='word_1_170' title='bbox 117 3319 160 3365; x_wconf 74' lang='lat'><strong>50</strong></span> <span class='ocrx_word' id='word_1_171' title='bbox 168 3301 299 3366; x_wconf 67' lang='lat' dir='ltr'><strong>bellum,</strong></span> 
     </span>
    </p>
   </div>
   <div class='ocr_carea' id='block_1_3' title="bbox 0 0 1167 3742">
    <p class='ocr_par' dir='ltr' id='par_1_3' title="bbox 0 0 1167 3742">
     <span class='ocr_line' id='line_1_32' title="bbox 0 0 1167 3742; baseline 0 0"><span class='ocrx_word' id='word_1_172' title='bbox 0 0 1167 3742; x_wconf 95' lang='lat' dir='ltr'><strong> </strong></span> 
     </span>
    </p>
   </div>
  </div>
 </body>
</html>
