2324 3742
400 173 441 245 Y
437 198 543 272 ouug
565 182 772 271 sportsmen
1008 187 1030 253 9

135 382 237 445 neque
251 360 334 422 enim
347 359 451 421 minus
461 356 564 420 laudis
575 363 624 420 est
634 356 808 443 aliquando
819 356 899 422 bene
909 358 1030 443 fugere,

136 483 232 548 quam
247 460 376 524 fortiter
390 482 542 545 pugnare.

201 565 251 628 V1.
285 585 354 626 sum
382 560 477 648 plane
506 561 673 647 imperitus
705 561 850 640 natandi,
880 585 937 626 nec
966 563 1032 627 sine

136 667 277 754 periculo
298 687 459 728 versamur
479 666 513 728 in
535 665 639 729 alieno
661 665 827 731 elemento.

93 828 95 831 ,
201 771 262 834 LA.
286 767 341 832 sed
373 789 545 832 assuescere
580 775 728 854 oporbet;
765 791 858 832 nemo
891 770 1033 834 nascitur
1045 797 1060 852 5

137 876 262 940 artifex.

200 980 251 1043 V1.
285 984 321 1041 at
346 1001 406 1063 ego
431 978 523 1040 istius
548 978 671 1062 generis
696 977 832 1040 artifices
857 978 1032 1063 permultos

137 1080 234 1144 audio
255 1088 391 1158 natasse,
412 1078 467 1143 sed
488 1102 552 1143 non
574 1087 726 1143 enatasse.

201 1184 263 1247 LA.
286 1183 454 1269 experieris
468 1183 607 1269 primum
623 1182 750 1246 innixus
765 1181 878 1247 suberi.

202 1288 251 1351 V1.
285 1309 343 1350 nec
364 1286 467 1350 suberi
490 1285 555 1349 fido
578 1285 678 1370 magis
700 1307 797 1370 quam
818 1285 961 1370 pedibus,
1006 1288 1032 1350 si
1048 1310 1079 1347 ιο

139 1388 228 1453 vobis
242 1388 329 1452 cordi
348 1395 396 1452 est
415 1389 551 1466 natatis,
567 1394 728 1474 spectator
748 1409 812 1450 esse
833 1386 917 1450 malo
936 1409 1031 1473 quam

139 1497 286 1555 certator.

565 1773 609 1848 V.

412 1974 537 2054 Yoisng
558 1982 767 2054 sponsmen.
851 1985 854 1993 ’

273 2159 422 2214 PAULUS.
461 2159 626 2212 THOMAS.
665 2157 898 2212 VINCENTIUS.
1000 2170 1002 2173 ’

333 2246 576 2299 LAURENTIUS.
614 2244 846 2298 BARTHOLUS.

206 2403 264 2466 ΡΑ.
295 2402 417 2467 ‘trahit
453 2424 510 2464 sua
545 2422 703 2486 quemque
736 2399 904 2485 voluptas?
957 2398 1036 2461 mihi

143 2504 247 2590 placet
269 2505 405 2569 venatio.
992 2450 1150 2575 “iliu

206 2611 269 2674 ΤΗ.
293 2608 398 2695 placet
418 2614 451 2670 et
471 2607 569 2755 mihi;
595 2605 649 2669 sed
669 2604 725 2669 ubi
745 2628 846 2682 canes
867 2507 983 2668 ubil&
944 2627 1037 2667 vena·
1048 2578 1081 2680 ’15

144 2711 228 2792 bula,
249 2713 306 2778 ubi
329 2735 426 2776 casses
436 2676 546 2805 ivm-ij
554 2741 606 2781 c
644 2687 710 2778 cin

206 2818 265 2882 ΡΑ.
296 2814 623 2979 valeantffl,
548 2812 623 2891 ursi,
645 2812 739 2890 cervi,
761 2812 890 2897 vulpes;
913 2832 970 2873 nos
989 2811 1037 2872 in-

145 2918 330 2984 sidiabimur
351 2941 464 2981 cumcu
474 2932 565 2999 {W

209 3025 256 3088 V1.
295 3030 331 3087 at
345 3044 404 3107 ego
418 3020 571 3106 laqueos
561 3019 690 3082 miciam
706 3017 829 3081 cicadis.

209 3128 269 3190 LA.
297 3148 356 3210 ego
370 3146 462 3188 ranas
477 3121 623 3208 capteb0.
1051 3145 1084 3184 ω

209 3229 268 3291 BA.
295 3248 355 3310 ego
369 3224 552 3343 papilioffes
552 3222 709 3342 Fuenubor

205 3331 266 3396 Le.
294 3329 422 3395 difficile
436 3335 487 3396 est
501 3318 794 3396 securisumus.
