2324 3742
166 197 212 261 22
389 183 502 258 Boclr
514 182 626 284 from
652 183 712 258 the
736 209 835 258 wora

164 372 291 434 siccius:
314 370 424 434 siccior
443 378 491 434 est
511 370 644 456 pumice.
690 370 813 455 ligneus
828 371 907 434 mihi
922 369 1063 436 videtur.

164 482 197 537 et
219 475 403 553 mehercule,
471 482 583 591 ψῃ
606 475 758 560 suspicor,
779 481 947 539 veteranus
970 475 1064 538 miles

163 577 339 641 immodicis
368 498 509 640 &diibus
538 599 603 640 sese
632 577 812 642 maceravit.
857 579 951 642 aiunt
974 580 1063 642 enim

164 704 303 745 anserem
323 664 537 744 inter—omnia
555 679 708 744 animalia
726 680 821 765 longe
841 704 906 745 esse
924 681 1063 766 vigilan-

137 788 331 862 5tissimum.
376 793 410 851 et
431 785 588 872 profecto,
601 786 662 849 nisi
682 786 865 850 coniectura
885 786 989 866 fallor,
1008 787 1064 851 hic

164 914 254 955 anser
267 914 307 956 ex
321 913 429 954 eorum
447 913 579 953 numero
599 896 657 969 est,
672 889 739 976 qui,
754 889 885 954 canibus
903 911 969 953 una
988 913 1063 955 cum

165 994 321 1060 militibus
342 1017 453 1058 somno
476 993 600 1080 sopitis,
623 995 806 1056 Romanum
827 994 904 1056 olim
928 994 1062 1080 Capito·

164 1098 241 1162 lium
264 1096 484 1162 defenderunt.

229 1204 289 1265 Cu.
326 1200 493 1263 verisimile
530 1199 627 1276 dicis;
669 1221 744 1263 nam
781 1222 820 1263 ex
859 1223 898 1264 eo
936 1201 1063 1266 saeculo

124 1302 310 1368 rorelictum
332 1300 480 1368 arbitror.

587 1669 634 1745 X.

406 1877 504 1938 Book
525 1877 616 1936 from
637 1878 697 1936 the
718 1892 819 1938 wara.

363 2058 506 2114 ΗΑΝΝΟ.
543 2059 858 2114 THRASYMACHUS.

231 2213 298 2276 HA.
322 2211 406 2276 unde
423 2211 506 2276 redis
523 2213 615 2277 nobis
632 2214 798 2292 Vulcanus,
812 2214 868 2300 qui
884 2215 1061 2278 Mercurius
1086 2268 1088 2271 .

164 2313 239 2377 hinc
261 2313 382 2377 abieras
403 2313 520 2377 nobis?

229 2419 293 2483 ΤΗ.
316 2440 396 2503 quos
418 2417 575 2482 Vulcanos
600 2426 659 2484 aut
679 2443 759 2505 quos
780 2420 956 2484 Mercurios
980 2420 1061 2484 mihi

165 2525 296 2585 narras?
539 2588 542 2596 ,

124 2649 153 2704 ¹5
230 2627 298 2690 ΗΑ.
322 2626 398 2725 quia
427 2626 530 2690 alatus
560 2627 708 2691 videbare
737 2650 809 2690 cum
838 2628 951 2706 abires,
975 2650 1062 2692 nuno

426 2721 429 2733 1

165 2726 330 2791 claudicas.
348 2730 443 2893 itti&

229 2831 292 2894 Tu.
323 2829 402 2893 sica
438 2831 499 2893 ello
514 2831 609 2894 rediri
625 2831 714 2895 solet
766 2824 769 2831 ¹

230 2934 296 2996 HA.
320 2929 400 3018 quid
421 2931 482 2994 tibi
506 2954 577 2994 cum
600 2931 694 3010 bello,
717 2932 814 2995 homo
836 2935 947 3019 quovis
969 2957 1061 3001 cervo

164 3036 330 3120 fugacior?

120 3163 153 3200 20
228 3141 293 3201 Tu.
323 3160 393 3224 spes
407 3135 542 3223 praedae
556 3136 739 3200 reddiderat
753 3138 879 3201 fortem.

229 3242 297 3304 HA.
325 3239 462 3303 multum
477 3239 578 3324 igitur
592 3240 687 3303 refers
702 3239 899 3326 spoliorum?

214 3345 278 3408 Tu.
309 3345 415 3409 immo
428 3367 546 3410 zonam
563 3344 701 3410 inanem.
