2324 3742
82 164 127 231 12
308 151 347 225 A
378 149 462 247 lazy
486 149 741 248 oddag-man

144 337 197 399 ΒΥ.
230 358 327 421 quam
351 335 553 420 imperiosum
579 330 682 396 habeo
707 330 892 397 dominum!
921 333 978 396 vix

80 438 174 502 huius
195 438 285 500 iussis
307 437 413 501 decem
436 436 578 522 expediti
599 435 712 498 famuli
734 435 867 499 fecerint
887 435 975 499 satis

146 544 209 604 ΒΑ.
232 539 311 625 quid
326 541 384 617 ais,
398 543 557 603 cessator?

146 647 198 708 ΒΥ.
231 643 332 719 nihil;
355 645 463 706 omnia
477 651 570 709 recte.

54 775 68 828 5
146 750 209 811 ΒΑ.
232 770 296 810 non
319 769 377 831 ego
401 753 435 810 te
460 745 557 809 audio
579 747 854 808 murmurantem?
898 745 978 830 quid

81 849 218 934 loqueris
239 848 279 911 de
301 848 458 934 imperio?

147 954 199 1016 ΒΥ.
231 974 343 1037 precor
356 950 429 1029 tibi,
444 958 482 1014 ut
497 951 553 1015 fias
567 951 749 1036 imperator.

147 1060 210 1119 ΒΑ.
234 1063 267 1119 et
279 1079 337 1141 ego
348 1055 422 1133 tibi,
431 1063 469 1119 ut
480 1056 536 1118 fias
547 1054 803 1139 homoexligno.
849 1076 978 1138 sequere

84 1184 134 1223 me
156 1182 255 1244 usque
277 1157 320 1220 ad
342 1157 508 1243 templum.
553 1180 627 1220 mox
652 1156 782 1220 domum
805 1155 979 1229 recurrito;

42 1289 71 1324 ιο
83 1262 181 1324 lectos
203 1261 395 1346 componito.
442 1260 492 1322 fac
512 1267 549 1323 ut
569 1260 674 1323 niteat
692 1266 766 1323 tota
786 1258 906 1381 doprus.
945 1257 979 1369 pi
1026 1323 1029 1327 ,

84 1364 163 1450 quid
177 1386 299 1426 sensero
314 1363 579 1448 praetermissum,
594 1361 769 1449 vapulabis.
785 1378 821 1420 w
831 1350 953 1449 st‘jisfw·

148 1467 201 1531 ΒΥ.
232 1466 285 1529 hic
299 1488 373 1528 sane
387 1466 462 1529 novi
476 1464 709 1550 benignitatem
723 1471 823 1529 tuam.

149 1571 212 1633 Ra,
235 1568 368 1654 proinde
383 1591 468 1647 cave,
483 1569 509 1631 si
524 1569 617 1654 sapis.

150 1672 203 1736 ΒΥ.
235 1679 271 1735 at
285 1671 413 1734 interim
428 1671 468 1735 de
483 1671 619 1756 prandio
632 1671 722 1734 nulla
736 1671 866 1736 mentio.

44 1794 72 1847 15
150 1776 213 1840 Rs.
238 1774 310 1852 vah,
326 1780 364 1837 ut
377 1774 431 1837 hic
448 1780 586 1837 mentem
606 1772 706 1836 habet
724 1772 872 1836 furcifer!
915 1792 980 1835 non

87 1878 227 1964 prandeo
241 1877 338 1942 domi.
383 1878 493 1964 itaque
508 1876 567 1941 sub
580 1877 694 1940 horam
708 1875 862 1938 decimam
878 1872 920 1936 ad
930 1895 981 1936 me

87 1980 304 2057 transcurrito,
316 1978 510 2043 adducturus
521 2001 572 2041 me
586 2001 633 2054 eo,
646 1977 702 2040 ubi
716 1998 785 2039 sum
801 1997 979 2061 pransurus.

152 2085 204 2147 ΒΥ.
236 2081 298 2145 tibi
319 2080 448 2166 quidem
467 2086 689 2165 prospectum3
710 2076 765 2140 sed
784 2077 837 2140 hic
854 2077 979 2140 interim

88 2186 169 2250 nihil
191 2191 240 2248 est
261 2183 350 2270 quod
371 2183 472 2246 edam.
941 2251 945 2261 Ι

45 2315 77 2350 20
153 2288 218 2352 ln.
241 2287 266 2349 si
281 2308 346 2349 non
361 2292 409 2348 est
424 2283 512 2369 quod
526 2282 611 2360 edas,
625 2291 674 2348 est
687 2282 776 2369 quod
789 2283 916 2347 esurias.
930 2298 955 2333 ι’·

154 2391 207 2455 ΒΥ.
239 2410 332 2452 nemo
346 2389 385 2450 fit
399 2386 564 2451 esuriendo
578 2393 675 2450 satur.
910 2362 922 2403 ‘³

155 2495 217 2556 ΒΑ.
241 2499 289 2555 est
303 2491 404 2576 panis.

155 2597 208 2660 ΒΥ.
240 2601 298 2672 est,
312 2593 459 2658 sedator.

156 2698 219 2760 ln.
254 2703 287 2759 te
313 2695 441 2781 quidem
466 2680 594 2785 faenum
620 2718 684 2759 esse
710 2700 849 2781 oportet,
875 2693 902 2757 si
927 2716 983 2780 pa·

48 2815 78 2866 25
91 2798 202 2863 bulum
217 2797 311 2861 detur
325 2804 360 2860 te
373 2795 534 2881 dignum„
553 2820 595 2860 an
609 2795 752 2882 postulas
767 2802 806 2859 ut
816 2802 850 2858 te
860 2795 983 2858 asinum

91 2886 220 2966 tautum
234 2899 388 2986 placentis
402 2882 552 2984 posnani?
588 2899 613 2961 si
626 2897 751 2960 fastidis
765 2919 892 2983 panem,
903 2896 984 2960 adde

92 3027 223 3096 porrum
237 3010 305 3079 aut,
320 3003 345 3064 si
361 3003 470 3080 mavis,
485 3023 602 3088 caepe.-
