2324 3742
164 185 185 252 2
379 169 443 246 On
468 167 527 244 the
553 194 636 268 way
662 179 700 244 to
726 166 848 244 school

227 358 269 419 S1.
302 377 468 418 commune
489 351 665 439 periculum
687 374 815 427 narras3
840 373 914 414 nam
936 356 970 413 et
992 349 1062 436 ipse

164 461 216 523 vix
239 460 316 523 satis
338 466 442 522 teneo.

229 564 274 625 10.
305 569 339 625 et
353 562 438 624 nosti
453 560 667 648 praeceptoris
682 559 855 623 soevitiam.
894 556 996 620 omnis
1011 555 1061 620 illi

163 662 417 767 culssfflfflstalis
432 669 489 726 est.
534 684 592 725 nec
606 660 707 746 magis
726 661 831 822 parpt
850 657 942 721 nobis
962 680 1061 743 quam

136 797 149 851 ς
164 767 189 830 si
205 765 324 828 corium
340 771 421 828 esset
435 763 602 828 bubulum.
625 731 767 840 {Mn
804 724 870 854 a(

228 871 272 932 Sr.
302 869 411 931 ierum
426 867 453 930 is
468 890 532 930 non
547 866 651 930 aderit
667 867 699 928 in
714 866 800 930 ludo.

229 973 274 1036 Io.
306 993 399 1058 quem
416 971 517 1056 igitur
531 970 565 1032 in
580 991 637 1032 suo
652 968 722 1031 loco
737 968 930 1032 constituit?

229 1078 273 1141 S1.
305 1075 497 1139 Cornelium.

228 1182 274 1243 10.
306 1201 363 1242 vae
377 1185 487 1242 nostro
502 1179 605 1241 corio!
650 1177 677 1239 is
691 1176 740 1239 vel
756 1175 880 1240 Orbilio
900 1176 1063 1262 plagosior

123 1309 152 1345 10
164 1291 220 1346 est.
626 1239 795 1402 pientii*

229 1386 272 1448 S1.
304 1407 411 1446 verum
448 1382 546 1460 dicis3
586 1390 620 1446 et
656 1381 728 1445 ideo
764 1405 829 1447 non
863 1406 936 1447 raro
974 1381 1060 1447 illius

164 1486 312 1550 bracchio
333 1493 479 1571 precatus
501 1508 570 1548 sum
593 1485 773 1571 perniciem.

228 1590 274 1653 Ιο.
305 1611 369 1651 non
385 1595 433 1652 est
447 1589 535 1675 pium
549 1588 714 1674 imprecari
723 1589 930 1675 praeceptori.
968 1587 1061 1652 nobis

164 1693 271 1780 potius
295 1690 467 1755 cavendum
495 1714 535 1755 ne
560 1691 736 1755 incidamus
761 1691 796 1755 in
821 1692 906 1755 illius
931 1693 1060 1778 tyranni

123 1829 151 1880 15
165 1819 284 1860 manus.

229 1904 272 1965 S1.
303 1900 471 1965 reddamus
491 1901 576 1965 inter
593 1924 651 1965 nos
670 1902 849 1980 lectionem,
864 1901 965 1965 altero
983 1901 1060 1965 reci·

164 2011 265 2081 tante,
288 2003 389 2066 altero
411 2004 529 2067 librum
551 2005 748 2090 inspiciente.

229 2106 275 2168 Io.
305 2103 437 2191 pulchre
451 2127 567 2168 mones.

230 2208 273 2270 Sl.
303 2207 354 2269 fac
373 2207 531 2292 praesenti
546 2207 587 2268 sis
601 2206 728 2281 animm
750 2230 824 2270 nam
844 2215 947 2272 metus
966 2215 1061 2272 nocet

122 2309 343 2374 aomemoriae.

230 2416 275 2477 Io.
307 2413 399 2476 facile
416 2412 603 2500 deponerem
627 2436 787 2500 pavorem,
807 2415 833 2477 si
853 2438 918 2479 non
938 2415 1061 2480 adesset

165 2516 348 2604 periculum.
395 2524 430 2580 at
445 2519 479 2580 in
494 2523 587 2580 tanto
602 2516 781 2582 discrimine
796 2518 867 2605 quis
880 2520 983 2606 possit
996 2543 1061 2584 esse

166 2641 290 2683 securus
304 2619 435 2683 animo?
